3276 5188
390 817 531 882 tollentis
570 839 667 903 quam
702 835 774 880 eum
809 835 846 880 eo
879 814 964 901 quod
994 813 1166 902 Dionysius
1196 817 1264 904 ipse
1284 818 1381 880 enixe

395 963 614 1032 demonstrare
660 964 766 1030 studet
809 963 962 1050 populum
991 962 1171 1028 Remsnum
1201 985 1270 1030 esse
1302 965 1380 1029 civi·

393 1119 493 1179 tetem
534 1112 792 1178 illustrissimam.
833 1111 872 1176 el.
911 1109 983 1175 Lib.
1019 1109 1060 1176 V.
1095 1133 1122 1176 e.
1158 1115 1208 1176 75.
1241 1111 1281 1176 de
1313 1133 1377 1198 quo

392 1263 485 1328 infre.
522 1261 593 1326 Hoc
629 1281 729 1326 unum
758 1259 889 1325 addam:
921 1265 957 1324 ut
990 1260 1069 1324 mihi
1100 1259 1227 1345 quidem
1251 1259 1376 1324 videtur

393 1409 488 1474 Dion.
516 1431 557 1474 ex
581 1410 651 1475 aliis
674 1409 816 1474 lontibus
840 1408 946 1473 hausit
969 1428 1065 1493 quam
1089 1407 1220 1492 Liviue3
1244 1430 1284 1474 ne
1306 1431 1376 1476 ver·

392 1557 469 1623 bum
504 1558 633 1643 quidem
663 1558 703 1623 de
725 1579 823 1622 manu
846 1577 943 1642 quam
966 1555 1092 1622 Mucius
1113 1558 1181 1622 loco
1204 1556 1375 1645 imposuit,

390 1706 475 1792 quod
498 1712 609 1772 auctor
632 1706 674 1770 sd
695 1727 848 1771 nauseam
873 1725 974 1789 usque
997 1705 1161 1790 copiosus,
1186 1706 1213 1770 si
1234 1707 1267 1770 in
1281 1707 1374 1770 fonti·

386 1855 449 1920 bus
473 1856 539 1920 suis
561 1855 751 1940 reperisset,
775 1857 885 1941 procul
908 1854 1004 1920 dubio
1027 1853 1197 1919 lectoribus
1222 1855 1287 1919 suis
1310 1877 1373 1920 nou

385 2003 546 2068 tacuisset.

430 2152 510 2216 Levi
534 2172 640 2217 errore
662 2153 785 2218 seribee
808 2155 902 2239 periit
923 2153 1114 2240 praepositio
1135 2153 1205 2218 Lib.
1221 2153 1262 2218 V.
1276 2176 1302 2218 c.
1319 2155 1371 2217 67.

387 2299 443 2364 ubi
472 2301 629 2386 legimus:
655 2300 791 2388 (πόλεις)
815 2297 882 2365 ὅσαι
906 2300 1156 2378 μαλακισθεῖσαι
1180 2301 1230 2366 διὰ
1252 2301 1372 2381 καιρούς

386 2470 492 2523 τινας,
517 2447 569 2512 καὶ
596 2455 725 2528 πονηρῶν
749 2449 1002 2527 ἐπιτηδευμάτων
1026 2451 1131 2532 ἀρχὰς
1154 2452 1279 2533 ἐφεῖσαι
1303 2475 1372 2514 ιια-

384 2599 571 2676 estsere,
613 2596 712 2662 οὐκέτι
750 2602 870 2662 παῦσαι
905 2639 946 2650 -
983 2599 1067 2664 αὐτοὶ
1101 2600 1228 2679 δύναμιν
1264 2600 1368 2683 ἔσχον.

385 2743 593 2832 Reponemus
629 2753 848 2827 παρεισελθεῖν
880 2772 936 2837 pro
968 2753 1148 2830 παρελθεῖν.
1179 2750 1264 2825 Quid
1285 2752 1370 2818 enim

382 2892 540 2978 siguificat
564 2898 760 2975 παρελθεῖιὲ
784 2898 855 2962 Nisi
879 2900 987 2964 fallor:
997 2902 1196 2986 praeterire,
1210 2900 1368 2986 quodhuc

386 3041 467 3106 nihil
486 3044 647 3130 pertinet5
671 3049 889 3124 παρεισελθεῖν
912 3069 1007 3131 vero,
1032 3051 1190 3133 irrepere,
1215 3050 1276 3114 loci
1299 3070 1368 3114 sen·

382 3190 483 3254 tentia
520 3193 697 3257 necessario
730 3195 865 3280 requirit
899 3202 931 3259 et
973 3218 993 3260 u
1023 3196 1178 3284 Dionysio
1215 3199 1369 3284 scriptum

387 3345 445 3403 est.
471 3337 592 3412 Quodsi
616 3348 868 3406 ΠΑΡΕΛΘΕΙΝ
891 3350 923 3408 et
945 3350 1263 3411 ΠΑΡΕΙΟΕΛΘΕΙΝ
1286 3347 1370 3410 inter

385 3507 419 3551 se
455 3487 597 3552 conferes
629 3489 788 3576 intelliges
811 3491 895 3556 unde
917 3494 1037 3558 fectum
1062 3494 1103 3559 sit
1122 3500 1158 3559 ut
1177 3496 1368 3581 praepositio

386 3638 455 3699 EIG
479 3635 628 3701 excidere
649 3640 800 3723 potuerit.

428 3779 500 3847 Lib.
526 3782 567 3848 V.
592 3805 618 3850 c.
644 3788 694 3850 75.
717 3795 828 3852 auctor
851 3789 927 3854 dieit
950 3811 983 3854 se
1005 3812 1069 3855 non
1088 3792 1216 3858 humilis
1228 3794 1366 3861 civitatis

384 3927 532 3996 instituta
555 3938 587 3996 et
611 3933 697 3998 vitae
715 3936 872 4018 rationes,
891 3958 994 4024 neque
1005 3940 1192 4025 ignobilium
1204 3943 1368 4010 homiuum

386 4079 517 4144 consilia
550 4087 610 4144 sut
639 4103 690 4146 res
719 4087 825 4168 gestas
848 4104 916 4150 esse
939 4092 1165 4172 narraturum3
1187 4089 1300 4155 deinde
1322 4092 1369 4156 ite

388 4227 514 4314 pergit:
551 4227 626 4292 ἀλλ’
661 4228 734 4310 ὑπὲρ
769 4241 824 4312 τῆς
855 4227 956 4296 ι’έσασι
989 4234 1032 4298 τὰ
1066 4236 1152 4302 καλὰ
1181 4247 1234 4304 καὶ
1263 4239 1366 4306 δίκαια
