3276 5188
820 624 862 686 62

346 845 466 912 excidit
502 847 557 912 sed
591 853 664 922 cci,-
685 853 803 923 ἄλλαις
826 871 867 914 ex
890 871 996 916 errore
1019 851 1141 916 librarii
1166 851 1334 936 cujusdem

346 1002 459 1062 nutum
491 1003 539 1063 est
574 1018 672 1085 quum
705 998 773 1086 ipse
795 1006 906 1066 unctor
937 1003 974 1063 ἐν
997 998 1212 1078 μεγάλαις
1234 1001 1333 1087 scrip-

345 1143 448 1210 sisset.
476 1143 572 1211 Nunc
595 1145 723 1212 demum
745 1147 850 1214 locum
874 1155 1023 1214 senatum
1045 1171 1168 1234 censeo,
1191 1171 1333 1237 nomque

344 1292 370 1358 ol
402 1295 432 1356 ἐν
458 1297 616 1372 μεγάλαις
639 1293 723 1370 ὄντες
746 1296 862 1378 α’ρχιιῖ,1
886 1299 1006 1384 optime
1029 1299 1070 1364 ud
1094 1320 1194 1364 unum
1214 1299 1332 1366 Laeto-

344 1443 427 1510 rium
460 1443 570 1510 referri
602 1451 725 1532 potest,
762 1467 866 1534 neque
900 1448 985 1534 quod
1020 1471 1161 1536 propono
1193 1450 1330 1516 nimise

343 1593 486 1660 codicum
509 1596 668 1684 scripturn
690 1595 817 1662 differre
839 1597 976 1664 videtur.

386 1745 570 1812 Ridiculum
594 1745 752 1812 emblemo.
773 1747 949 1814 tollendum
972 1767 1014 1814 cx
1037 1747 1109 1814 Lib.
1130 1747 1244 1814 XVII.
1257 1769 1327 1835 cup.

345 1901 394 1964 15.
417 1897 549 1983 (Kiessl.
573 1899 634 1964 IV.
654 1920 685 1986 p.
710 1901 800 1983 229.)
824 1899 1009 1966 Postumius
1023 1896 1246 1978 ἐπιλεξάμενος
1259 1896 1323 1976 γὰρ

342 2049 376 2113 ἐκ
398 2055 454 2130 τῆς
476 2047 585 2114 ἑαυτοῦ
609 2056 759 2128 στριιτιᾶς
781 2053 850 2130 περὶ
872 2047 942 2121 τοὺς
965 2048 1136 2130 δισχιλίους
1155 2047 1266 2129 ἄνδρας
1279 2048 1324 2122 ri,-

339 2195 410 2274 τοὺς
432 2197 523 2273 Ιδίιυ,·
545 2195 658 2280 ἀγροὺς
670 2197 843 2276 creme
855 2193 898 2274 οἷς
916 2197 1011 2264 ἄνευ
1030 2199 1194 2280 σιδήρου
1213 2199 1324 2280 δρυμὸν

327 2347 482 2452 'earnm
515 2349 631 2430 κείρειν.
667 2349 832 2424 Quomodo
866 2351 937 2436 quis
970 2357 1156 2436 quercetum
1189 2349 1323 2416 medere

341 2503 440 2592 possit
463 2501 545 2568 ierro
567 2523 631 2567 non
653 2506 747 2566 utens
768 2521 879 2586 nemo,
902 2500 1023 2587 opinor,
1046 2499 1152 2565 adhuc
1163 2499 1324 2564 intellexit

339 2671 398 2717 neo
438 2671 580 2738 unquam
618 2649 785 2736 intelliget.
819 2647 957 2715 Videtur
989 2671 1010 2714 c
1043 2649 1140 2715 sciolo
1174 2651 1324 2736 quopism

339 2797 535 2886 adscriptum
557 2797 643 2864 istud
664 2794 738 2861 ἄνευ
761 2797 878 2878 σιδήρου
899 2818 963 2885 quo
986 2799 1089 2885 mngis
1112 2799 1270 2865 horrendo
1290 2805 1324 2864 ct

340 2950 396 3016 rix
430 2948 561 3016 serendo.
592 2949 729 3014 consulis
757 2949 892 3034 audacis
913 2947 1084 3014 rideretur.
1110 2947 1163 3014 Ex
1185 2948 1224 3013 iis
1247 2969 1324 3014 vero

342 3120 424 3187 quse
447 3098 556 3164 stetim
578 3103 755 3184 sequuntur
777 3097 956 3163 luculenter
974 3103 1108 3184 cpperet
1120 3097 1324 3163 Postumium
1352 3133 1354 3137 ,

338 3247 455 3313 milites
493 3267 566 3312 suos
599 3268 663 3312 non
696 3247 813 3334 ineptis
847 3253 879 3312 et
894 3235 1076 3334 ¹puerilibus
1099 3245 1323 3312 vexationibus

339 3397 481 3463 cruciere
513 3396 650 3462 voluisse
679 3397 735 3462 sed
757 3417 810 3462 eos
835 3397 974 3483 coegisse
995 3403 1032 3461 ut
1054 3396 1322 3461 mercenariorum

337 3553 370 3613 et
393 3546 585 3613 lnmulorum
612 3567 723 3633 operes
746 3547 906 3631 iecerent;
930 3547 1046 3633 quibus
1068 3547 1107 3612 dc
1130 3547 1233 3612 causis
1255 3567 1319 3610 non

340 3695 450 3762 dubito
472 3696 550 3783 quin
572 3696 772 3781 praeclarum
795 3693 882 3760 istud
892 3697 966 3786 ἄιεν
978 3692 1094 3776 σιδήρου
1107 3693 1211 3782 lepido
1224 3694 1321 3760 sciolo

338 3865 434 3932 quom
458 3845 596 3932 primum
621 3845 662 3912 sit
684 3844 889 3910 reddendum.

381 3993 527 4081 Pyrrhus
549 3995 609 4060 hoc
631 4015 730 4082 ogcns
753 4002 789 4060 ut
805 3994 988 4060 Fabricium
1001 3996 1090 4062 donis
1102 4003 1320 4082 corrumperet

337 4141 381 4206 sic
404 4160 477 4207 eum
500 4141 539 4207 de
563 4163 622 4208 sun
637 4150 826 4231 paupertate
837 4145 996 4210 monuisse
1008 4146 1122 4211 fertur:
1136 4145 1208 4211 Lib.
1222 4143 1317 4209 XIX.

337 4310 364 4356 c.
402 4294 451 4355 14.
485 4289 616 4376 (Kiessl.
641 4293 701 4359 IV.
725 4317 755 4382 p.
781 4297 870 4379 242.)
891 4293 970 4360 ὥστε
991 4294 1084 4373 μηδὲν
1106 4291 1229 4373 ἄμεινον
1251 4299 1316 4358 τῶν
