3276 5188
801 605 842 668 56

329 848 516 916 pereuemm
538 828 598 894 eibi
620 828 718 896 hebet
739 832 932 896 sententiam
953 853 1050 918 quem
1075 831 1152 896 dioit
1172 849 1312 914 prooem

329 999 399 1045 eree
430 979 479 1062 iu,
509 979 638 1065 opimor,
672 979 777 1044 vietus
810 987 869 1045 eet.
892 980 1009 1046 Oretor
1032 1002 1095 1045 non
1118 986 1185 1045 tem
1210 980 1318 1064 inepte

330 1129 418 1216 loqui
450 1128 575 1215 potuit3
608 1127 690 1192 nihil
722 1127 810 1192 eliud
841 1128 919 1192 dioit
952 1149 1049 1214 quem
1085 1126 1164 1192 hoo:
1200 1126 1311 1190 edver-

329 1279 429 1344 eerioe
462 1299 535 1342 euos
566 1297 608 1342 ne
641 1276 701 1341 hoo
733 1277 862 1362 quidem
890 1278 995 1363 ipsum
1020 1277 1185 1341 viderere
1208 1275 1250 1339 ed
1273 1296 1311 1338 ee

329 1427 460 1494 tendere
504 1447 586 1512 quoe
617 1427 743 1512 assequi
774 1447 838 1490 non
873 1433 1023 1512 possuut3
1058 1447 1155 1511 quem
1188 1429 1314 1488 senten·

330 1579 409 1642 tium
429 1575 549 1662 optime
571 1575 731 1661 exprimes
749 1576 777 1638 si
788 1575 950 1640 levissimo
960 1575 1137 1638 mutatione
1148 1573 1312 1646 ἀδυνάτους

330 1723 452 1806 ἔχουσιν
486 1724 661 1790 mutaveris
693 1724 727 1786 in
749 1721 906 1794 urorum
929 1721 1074 1801 ἑχούσοις.
1098 1722 1216 1788 Orator
1239 1728 1310 1806 post

328 1870 458 1950 γνώμας
487 1870 675 1953 εἰσφέρουσιν
706 1872 774 1958 ipse
796 1893 830 1936 se
852 1872 983 1956 eorrigit
1005 1892 1062 1956 pro
1085 1869 1215 1946 γνώμαις
1240 1869 1313 1932 eub-

331 2023 466 2088 etituene
505 2019 628 2100 εὐχὰ,·;
663 2027 836 2106 utrumque
871 2020 1048 2085 necessario
1082 2018 1124 2082 ad
1155 2018 1309 2091 ἀδυνάτως

330 2168 466 2250 ἑχούσοις
488 2168 647 2255 pertinere
669 2169 774 2235 debet.

373 2317 446 2384 Lib.
480 2317 542 2382 XI.
576 2316 656 2403 Cep.
680 2320 733 2382 25.
757 2317 827 2381 init.
850 2308 881 2379 ὃν
904 2313 982 2396 ἔφην
1005 2314 1236 2392 ἀπολελυμένον
1261 2314 1314 2388 ἤδη

330 2465 496 2546 στρατείας
514 2464 578 2529 διὰ
596 2465 663 2530 τὸν
680 2463 777 2544 χρόν
788 2485 836 2528 ον.
849 2463 974 2528 Ultima
986 2463 1143 2529 vocabule
1154 2463 1315 2548 mihiyqui·

330 2614 401 2681 dem
431 2614 537 2679 minus
559 2613 697 2698 placent.
722 2613 891 2699 Nusquam
915 2613 1020 2694 enim,
1043 2610 1154 2694 oredo,
1178 2612 1239 2675 nisi
1263 2611 1315 2676 hio

330 2763 503 2852 Dionysius
525 2761 724 2826 venationem
746 2761 879 2826 militiae
891 2761 927 2824 ob
939 2761 1131 2824 aetutemitu
1143 2762 1312 2847 exprimit:

328 2908 379 2974 διὰ
401 2909 454 2974 τὸν
474 2913 593 2989 χρόνον.
618 2909 752 2996 Saepius
773 2911 875 2974 utitur
898 2915 1006 2974 noster
1028 2929 1086 2994 pro
1109 2930 1147 2972 eo
1166 2905 1227 2988 ὥροο
1240 2931 1267 2973 e.
1281 2931 1312 2994 g.

325 3057 399 3124 Lib.
422 3056 465 3123 X.
488 3078 515 3122 e.
538 3059 591 3122 43.
615 3049 642 3122 οἳ
664 3054 892 3137 στρατεύεσθαι
912 3051 1309 3138 μὲνοῦκετνῶροονεῖχον;

327 3212 383 3272 aut
416 3205 493 3271 dicit
520 3205 534 3269 ὃ
556 3209 664 3286 χρόνον
686 3214 743 3287 τῆς
767 3205 889 3280 ἡλικίας
911 3213 949 3271 ut
974 3207 1046 3271 Lib.
1071 3206 1132 3271 VI.
1157 3229 1184 3272 o.
1210 3211 1239 3272 9.
1266 3203 1308 3280 οἶ,-

326 3351 483 3433 οὶφεῖοθοιν
520 3355 687 3434 στρατείας
719 3351 737 3420 ὅ
767 3378 803 3418 τε
835 3355 979 3436 χρόνον
1015 3356 1028 3418 ὁ
1065 3362 1121 3429 τῆς
1145 3355 1311 3430 ἡλικίαις

327 3499 525 3568 ἀποδέδωκεν.
559 3502 622 3568 Sed
645 3503 726 3570 nihil
747 3509 872 3570 mutere
894 3504 996 3570 audeo
1019 3525 1119 3590 quum
1142 3511 1309 3590 procerte

328 3671 392 3716 non
412 3650 550 3717 habeam
567 3652 735 3718 lectionem
746 3653 889 3719 eodioum
901 3653 1079 3718 scribarum
1089 3654 1190 3717 errori
1204 3655 1308 3739 impu·

329 3799 460 3865 tendam
483 3819 561 3866 esse.

374 3946 445 4012 Lib.
479 3945 541 4012 XI.
576 3969 645 4034 oep.
679 3950 720 4012 26
753 3954 786 4014 et
819 3952 871 4015 27.
897 3950 991 4016 Sieoii
1014 3950 1126 4016 oeedee
1149 3959 1309 4017 narretur.

246 4082 251 4086 ’
330 4091 512 4160 Proditores
533 4095 587 4160 isti
609 4096 726 4161 milites
746 4097 862 4183 quibus
884 4097 1071 4162 mandatum
1094 4104 1163 4163 erat
1186 4106 1222 4163 ut
1245 4099 1311 4165 Sio-

330 4239 415 4304 eium
447 4241 662 4308 interficerent
692 4265 764 4309 eum
793 4267 857 4309 non
887 4268 979 4332 posse
1009 4247 1151 4312 vinciet
1174 4249 1311 4314 interfici
