3276 5188
835 645 891 716 36'

366 874 511 954 νοούμενον
551 879 668 942 Ἴουλον
715 879 748 940 ἐκ
789 880 850 940 τῶν
896 878 1253 962 Φιλοδηροοτικῶν,
1297 883 1352 942 κοιὶ

368 1025 490 1092 Κόιντον
535 1023 651 1105 Φάβιον
694 1026 847 1101 Καίσωνος
889 1027 951 1092 cib
986 1028 1021 1093 τδ
1055 1025 1189 1108 δεύτερον
1224 1028 1258 1092 ἐκ
1292 1031 1354 1091 τῶν

366 1175 636 1256 ἀριστοκροοτικῶν.
678 1176 758 1251 Quis
799 1178 883 1242 enim
927 1199 1070 1264 unquam
1106 1178 1353 1261 φιλοδημοτικὼν

367 1327 474 1412 legere
504 1329 632 1413 potuit?
664 1328 767 1394 Nemo
790 1329 912 1415 opinor.
936 1329 1053 1394 Misere
1074 1328 1154 1393 illud
1165 1331 1240 1408 Φινιο
1254 1329 1354 1393 obun-

367 1475 441 1559 dat,
479 1477 629 1562 quonism
663 1479 800 1565 simplex
836 1477 997 1555 δημοτικός
1033 1480 1128 1564 plone
1151 1478 1235 1542 idern
1259 1479 1355 1564 signi·

367 1623 443 1688 ficet
476 1631 573 1712 etque
601 1625 783 1707 φιλόδημος.
816 1625 933 1691 Procul
964 1626 1060 1691 dnbio
1089 1632 1198 1691 auctor
1229 1627 1354 1712 scripsit

362 1773 540 1854 φιλοδήμων
575 1782 611 1840 ut
646 1775 718 1840 Lib.
757 1775 820 1840 IX.
854 1796 881 1840 o.
917 1777 947 1840 2.
971 1772 1065 1838 δοκῶν
1089 1771 1120 1836 δὲ
1145 1776 1199 1838 καὶ
1222 1774 1274 1839 τὸν
1297 1774 1352 1852 πρὸ

363 1933 416 1989 τοῦ
448 1928 559 2005 χρόνον
595 1926 680 2011 (lego
701 1923 819 2013 χρόνον)
846 1917 923 1986 εἶναι
947 1923 1136 2007 Φιλόδημος,
1159 1922 1203 1986 ἔτι
1229 1930 1351 2000 μᾶλλον

367 2075 401 2139 ἐκ
428 2074 546 2149 ταύτης
568 2081 624 2156 τῆς
648 2073 842 2154 στροοτηγίοις
866 2074 1055 2153 ἐθεράπευσε
1069 2074 1105 2138 ri
1119 2076 1252 2154 πλῆθος.
1267 2073 1353 2137 Fieri

365 2227 469 2312 potuit
494 2232 529 2290 ut
555 2247 692 2312 sequens
716 2226 976 2304 ἀριστοκρατικῶν
997 2225 1135 2290 scribom
1157 2225 1188 2288 in
1213 2244 1352 2302 errorem

366 2374 540 2458 induxerit,
553 2396 616 2461 quo
628 2395 691 2440 non
703 2376 805 2439 solum
818 2374 965 2461 Dionysii
976 2381 1103 2440 textum
1114 2376 1229 2440 misere
1241 2374 1352 2460 depru-

365 2525 454 2588 vavil
478 2524 533 2589 sed
555 2525 1181 2590 etiarnlexiconoslravoccbulovitioso
1196 2525 1350 2590 oneravit.

410 2672 613 2739 Vocabulum
632 2675 800 2760 antiquum
815 2681 847 2739 et
865 2675 1025 2761 poeticum
1048 2673 1245 2747 ἀδόκητος
1268 2673 1353 2759 quod

365 2824 483 2908 legitur
513 2831 545 2889 et
569 2825 640 2890 eliis
663 2825 739 2890 locis
763 2825 816 2909 (cf.
842 2825 913 2890 Lib.
938 2825 1003 2889 III.
1028 2847 1054 2890 c.
1079 2827 1130 2889 64.
1155 2824 1227 2888 Lib.
1252 2823 1351 2889 VIII.

268 3047 270 3052 ¹
366 2993 393 3036 c.
418 2974 485 3056 55.)
508 2979 540 3036 ct
564 2973 636 3038 Lib.
661 2973 722 3038 IX.
747 2996 773 3038 c.
799 2977 829 3038 5.
853 2971 938 3048 εἴτις
951 2973 1039 3053 ἑτέρον
1052 2971 1182 3051 δύναμις
1197 2972 1349 3049 πολεμίων

367 3123 401 3184 ὲκ
422 3126 475 3186 τοῦ
499 3121 699 3196 ἀδοκήτου
722 3121 846 3205 φανείη,
859 3123 1016 3187 usitatiori
1029 3119 1252 3202 ἀπροσδόκητος
1263 3119 1353 3184 cedat

367 3291 429 3334 non
454 3292 582 3335 necesse
606 3277 675 3354 est3
700 3270 902 3357 Thucydides
925 3271 1010 3334 enim
1032 3271 1100 3356 ipse
1123 3289 1352 3355 nonnunquam

365 3417 463 3482 verbo
497 3419 633 3504 simplici
668 3419 781 3483 utitur.
820 3417 993 3483 Praetereo
1015 3418 1205 3503 DionysiuS,
1228 3417 1352 3481 uisere

366 3587 475 3632 omnes
499 3568 652 3651 seriores,
676 3573 763 3632 emat
787 3568 919 3653 antique
941 3573 973 3632 et
995 3568 1135 3652 poetice,
1148 3565 1351 3652 quodinfine

366 3716 499 3800 hujusce
522 3717 666 3802 opusculi
689 3717 852 3782 nonnullis
874 3717 1030 3802 exemplis
1049 3717 1144 3803 poulo
1169 3715 1352 3800 diligentius

367 3865 585 3931 demonstrare
607 3866 753 3932 conabor.

412 4015 484 4080 Lib.
521 4015 582 4079 IX.
618 4037 644 4080 c.
683 4018 713 4078 9.
749 4012 784 4090 ἐξ
817 4009 854 4077 ὧν
885 4012 915 4078 δὲ
939 4013 1129 4094 παρέστηκεν
1151 4019 1225 4095 ἡμῖν
1248 4021 1353 4076 τοῦτον

370 4165 553 4229 ὑποπτεύειν
588 4165 619 4245 οὐ
653 4168 825 4242 μάντεις
857 4165 934 4226 εῗσὶν
968 4161 1033 4226 οὐδὲ
1057 4161 1252 4246 στοχασμοί,
1273 4162 1349 4224 ἀλλ’

366 4310 448 4392 ,ἔρροι
485 4315 622 4397 ἐμφανῆ.
657 4313 778 4399 Nemo,
810 4315 939 4401 opinor,
969 4305 1148 4380 admonitus
1177 4333 1241 4377 non
1279 4332 1351 4376 con·
