3276 5188
367 1939 466 2006 Libro
501 1939 528 2002 Ι.
564 1959 633 2025 cap.
671 1942 720 2005 15.
752 1939 874 2006 Mentic
903 1941 940 2004 fit
963 1939 1002 2005 de
1024 1940 1097 2005 lecu
1126 1959 1190 2004 non
1213 1937 1307 2024 longe

197 2077 199 2082 ¹
325 2088 367 2154 sb
401 2088 481 2154 urbe
511 2087 639 2174 Octylie
668 2089 752 2154 site..
770 2086 887 2163 ταύτην
920 2091 989 2173 (τὴν
1012 2087 1137 2172 λίμνην)
1160 2125 1203 2135 -
1227 2109 1310 2167 περι-

324 2236 479 2318 είρξαντες
513 2241 617 2328 κύκλῳ
650 2235 862 2316 στέμμασι
892 2241 946 2304 τοῦ
976 2235 1092 2317 μηδένα
1123 2245 1168 2326 τῷ
1190 2241 1307 2316 νάματι

325 2383 469 2467 πελάζειν
508 2381 631 2463 ἄβατον
666 2383 893 2466 cccccccccc.
929 2385 1124 2474 Corruptum
1157 2392 1206 2451 est
1241 2385 1310 2450 sine

325 2537 540 2602 controversie
562 2529 747 2615 σ’τὲμμασις
770 2534 945 2614 στέμματα
969 2536 1116 2621 (infulae)
1139 2502 1224 2601 enim
1246 2556 1310 2600 non

326 2692 400 2750 sunt
429 2687 570 2751 locorum
593 2684 648 2751 sed
670 2686 845 2751 hominum.
869 2685 1008 2773 Chryses
1031 2683 1176 2750 sacerdos
1200 2683 1307 2767 (Iliad.

326 2833 354 2899 Ι.
381 2837 445 2919 14.)
471 2836 560 2900 venit
581 2834 622 2900 cd
643 2856 741 2900 neves
764 2833 984 2918 Achivorum,
1087 2898 1089 2902 .

369 2982 531 3062 στέμματ’
553 2981 633 3064 ἔχων
656 2983 686 3047 ἐν
708 2986 816 3064 χερσὶν
840 2981 991 3060 ἑκηβόλου
1015 2983 1223 3057 Ἀπόλλωνος.

327 3133 472 3221 Virginis
509 3136 629 3202 Vestae
663 3143 759 3224 ceput
789 3133 950 3201 ἀναδεῖται
974 3133 1163 3233 στέμμασιν)
1189 3134 1228 3199 cf.
1251 3133 1310 3202 lib.

326 3283 425 3349 VIII.
463 3306 489 3350 c.
531 3288 582 3351 89.
618 3287 672 3351 fin.
704 3285 981 3352 Absurdissimum
1014 3306 1090 3351 vcro
1123 3289 1171 3350 est
1203 3285 1310 3349 lecum

324 3433 452 3519 cingere
481 3433 610 3518 infulis,
643 3437 697 3500 τοῦ
713 3423 835 3513 ’μηδένα
857 3443 902 3526 τῷ
926 3439 1041 3512 νάματι
1064 3431 1228 3518 πελάζεινς
1250 3413 1308 3498 nec¹

325 3581 460 3647 verbum
476 3584 655 3663 repenses
666 3605 738 3649 cum
750 3582 911 3663 στέμμασι
924 3584 1006 3650 bene
1017 3584 1174 3649 convenit.
1188 3582 1309 3670 Requi-

325 3731 407 3796 ritnr
429 3731 557 3798 omnino
580 3733 817 3798 substantivum
836 3731 920 3818 quod
938 3733 1099 3798 notionem
1118 3731 1311 3819 impediendi

326 3879 429 3945 affert.
465 3880 585 3947 Reiske
611 3888 698 3948 recte
720 3882 779 3948 hoc
803 3883 901 3948 sensit
925 3882 981 3948 sed
1001 3882 1125 3948 felicem
1148 3882 1308 3967 conjectu·

325 4049 394 4093 ram
429 4052 492 4094 ncn
526 4033 689 4118 proposuit
723 4053 822 4118 quum
857 4015 1113 4099 substituendum
1147 4037 1306 4098 censeret:

328 4183 508 4255 σκάμμασι.
533 4179 620 4245 Solet
643 4183 727 4246 enim
750 4186 886 4260 σκάμμοι
910 4182 1051 4247 indicere
1073 4183 1178 4247 locum
1199 4182 1233 4246 in
1250 4203 1309 4268 pe-

327 4328 446 4393 lcestra
477 4329 533 4394 ubi
563 4329 716 4397 Athletae
745 4331 932 4417 certabant3
961 4332 1121 4397 rarissime
1150 4352 1226 4396 vero
1249 4331 1312 4396 nee

1211 4463 1225 4523 1
