<?xml version="1.0" encoding="UTF-8"?>
<!DOCTYPE html PUBLIC "-//W3C//DTD XHTML 1.0 Transitional//EN"
    "http://www.w3.org/TR/xhtml1/DTD/xhtml1-transitional.dtd">
<html xmlns="http://www.w3.org/1999/xhtml" xml:lang="en" lang="en">
 <head>
  <title>
</title>
<meta http-equiv="Content-Type" content="text/html;charset=utf-8" />
  <meta name='ocr-system' content='tesseract 3.04.00' />
  <meta name='ocr-capabilities' content='ocr_page ocr_carea ocr_par ocr_line ocrx_word'/>
</head>
<body>
  <div class='ocr_page' id='page_1' title='image "./observationesad00smitgoog_0064.png"; bbox 0 0 3276 5188; ppageno 0'>
   <div class='ocr_carea' id='block_1_1' title="bbox 141 0 829 3">
    <p class='ocr_par' dir='ltr' id='par_1_1' title="bbox 141 0 829 3">
     <span class='ocr_line' id='line_1_1' title="bbox 141 0 829 3; baseline 0 0"><span class='ocrx_word' id='word_1_1' title='bbox 141 0 829 3; x_wconf 95' lang='lat' dir='ltr'> </span> 
     </span>
    </p>
   </div>
   <div class='ocr_carea' id='block_1_2' title="bbox 785 665 826 728">
    <p class='ocr_par' dir='ltr' id='par_1_2' title="bbox 785 665 826 728">
     <span class='ocr_line' id='line_1_2' title="bbox 785 665 826 728; baseline 0.049 -2"><span class='ocrx_word' id='word_1_2' title='bbox 785 665 826 728; x_wconf 77' lang='lat'>49</span> 
     </span>
    </p>
   </div>
   <div class='ocr_carea' id='block_1_3' title="bbox 302 883 1369 4101">
    <p class='ocr_par' dir='ltr' id='par_1_3' title="bbox 302 883 1369 3048">
     <span class='ocr_line' id='line_1_3' title="bbox 308 883 1296 976; baseline -0.005 -22"><span class='ocrx_word' id='word_1_3' title='bbox 308 889 466 968; x_wconf 72' lang='grc' dir='ltr'><em>βινλειῐειν</em></span> <span class='ocrx_word' id='word_1_4' title='bbox 493 891 555 954; x_wconf 90' lang='lat' dir='ltr'>hue</span> <span class='ocrx_word' id='word_1_5' title='bbox 577 891 742 976; x_wconf 80' lang='lat' dir='ltr'>irrepsisse</span> <span class='ocrx_word' id='word_1_6' title='bbox 765 891 805 955; x_wconf 91' lang='lat' dir='ltr'>ob</span> <span class='ocrx_word' id='word_1_7' title='bbox 830 889 1052 976; x_wconf 78' lang='lat' dir='ltr'>praecedentia</span> <span class='ocrx_word' id='word_1_8' title='bbox 1071 883 1296 967; x_wconf 68' lang='grc' dir='ltr'><em>ἀνορεύσιντιις</em></span> 
     </span>
     <span class='ocr_line' id='line_1_4' title="bbox 309 1037 1296 1114; baseline -0.003 -12"><span class='ocrx_word' id='word_1_9' title='bbox 309 1046 340 1102; x_wconf 88' lang='lat' dir='ltr'>et</span> <span class='ocrx_word' id='word_1_10' title='bbox 365 1038 645 1114; x_wconf 73' lang='grc' dir='ltr'><em>ἐννντιιισιμένινςς</em></span> <span class='ocrx_word' id='word_1_11' title='bbox 671 1039 725 1103; x_wconf 88' lang='lat' dir='ltr'>sed</span> <span class='ocrx_word' id='word_1_12' title='bbox 749 1039 830 1103; x_wconf 87' lang='lat' dir='ltr'>nihil</span> <span class='ocrx_word' id='word_1_13' title='bbox 855 1039 942 1102; x_wconf 90' lang='lat' dir='ltr'>hisee</span> <span class='ocrx_word' id='word_1_14' title='bbox 965 1059 1036 1101; x_wconf 90' lang='lat' dir='ltr'>eum</span> <span class='ocrx_word' id='word_1_15' title='bbox 1056 1037 1111 1101; x_wconf 91' lang='lat' dir='ltr'>illo</span> <span class='ocrx_word' id='word_1_16' title='bbox 1130 1055 1296 1100; x_wconf 89' lang='lat' dir='ltr'>eommune</span> 
     </span>
     <span class='ocr_line' id='line_1_5' title="bbox 309 1185 1295 1273; baseline -0.004 -22"><span class='ocrx_word' id='word_1_17' title='bbox 309 1193 365 1251; x_wconf 86' lang='lat' dir='ltr'>est.</span> <span class='ocrx_word' id='word_1_18' title='bbox 391 1187 520 1273; x_wconf 81' lang='lat' dir='ltr'>Optime</span> <span class='ocrx_word' id='word_1_19' title='bbox 540 1185 668 1273; x_wconf 88' lang='lat' dir='ltr'>quidem</span> <span class='ocrx_word' id='word_1_20' title='bbox 688 1187 764 1252; x_wconf 87' lang='lat' dir='ltr'>dieit</span> <span class='ocrx_word' id='word_1_21' title='bbox 777 1193 887 1252; x_wconf 78' lang='lat' dir='ltr'>auctor</span> <span class='ocrx_word' id='word_1_22' title='bbox 901 1185 1094 1251; x_wconf 77' lang='lat' dir='ltr'>decemviros</span> <span class='ocrx_word' id='word_1_23' title='bbox 1107 1206 1149 1249; x_wconf 86' lang='lat' dir='ltr'>ex</span> <span class='ocrx_word' id='word_1_24' title='bbox 1160 1203 1295 1248; x_wconf 88' lang='lat' dir='ltr'>numero</span> 
     </span>
     <span class='ocr_line' id='line_1_6' title="bbox 307 1334 1294 1421; baseline -0.002 -22"><span class='ocrx_word' id='word_1_25' title='bbox 307 1337 481 1400; x_wconf 88' lang='lat' dir='ltr'>amieorum</span> <span class='ocrx_word' id='word_1_26' title='bbox 500 1358 629 1401; x_wconf 88' lang='lat' dir='ltr'>suorum</span> <span class='ocrx_word' id='word_1_27' title='bbox 649 1337 851 1402; x_wconf 85' lang='lat' dir='ltr'>constituisse</span> <span class='ocrx_word' id='word_1_28' title='bbox 871 1336 1001 1421; x_wconf 90' lang='lat' dir='ltr'>quinam</span> <span class='ocrx_word' id='word_1_29' title='bbox 1014 1334 1047 1398; x_wconf 89' lang='lat' dir='ltr'>in</span> <span class='ocrx_word' id='word_1_30' title='bbox 1060 1340 1172 1400; x_wconf 87' lang='lat' dir='ltr'>senatu</span> <span class='ocrx_word' id='word_1_31' title='bbox 1185 1339 1294 1419; x_wconf 84' lang='lat' dir='ltr'>gratas</span> 
     </span>
     <span class='ocr_line' id='line_1_7' title="bbox 307 1480 1294 1570; baseline -0.003 -23"><span class='ocrx_word' id='word_1_32' title='bbox 307 1484 367 1548; x_wconf 90' lang='lat' dir='ltr'>sibi</span> <span class='ocrx_word' id='word_1_33' title='bbox 410 1485 584 1549; x_wconf 89' lang='lat' dir='ltr'>sententias</span> <span class='ocrx_word' id='word_1_34' title='bbox 618 1491 831 1570; x_wconf 88' lang='lat' dir='ltr'>preponerent</span> <span class='ocrx_word' id='word_1_35' title='bbox 866 1489 897 1548; x_wconf 91' lang='lat' dir='ltr'>et</span> <span class='ocrx_word' id='word_1_36' title='bbox 935 1483 1065 1568; x_wconf 87' lang='lat' dir='ltr'>quinam</span> <span class='ocrx_word' id='word_1_37' title='bbox 1096 1480 1294 1548; x_wconf 82' lang='lat' dir='ltr'>adversaries</span> 
     </span>
     <span class='ocr_line' id='line_1_8' title="bbox 307 1632 1292 1718; baseline -0.002 -22"><span class='ocrx_word' id='word_1_38' title='bbox 307 1639 550 1718; x_wconf 79' lang='lat' dir='ltr'>oppugnarent,</span> <span class='ocrx_word' id='word_1_39' title='bbox 593 1655 657 1698; x_wconf 90' lang='lat' dir='ltr'>nen</span> <span class='ocrx_word' id='word_1_40' title='bbox 692 1655 768 1699; x_wconf 78' lang='lat' dir='ltr'>vere</span> <span class='ocrx_word' id='word_1_41' title='bbox 803 1633 928 1697; x_wconf 91' lang='lat' dir='ltr'>arbitrii</span> <span class='ocrx_word' id='word_1_42' title='bbox 960 1639 1008 1697; x_wconf 90' lang='lat' dir='ltr'>est</span> <span class='ocrx_word' id='word_1_43' title='bbox 1042 1632 1292 1696; x_wconf 85' lang='lat' dir='ltr'>decemvirorum</span> 
     </span>
     <span class='ocr_line' id='line_1_9' title="bbox 306 1780 1291 1868; baseline -0.004 -22"><span class='ocrx_word' id='word_1_44' title='bbox 306 1788 448 1847; x_wconf 79' lang='lat' dir='ltr'>statuere</span> <span class='ocrx_word' id='word_1_45' title='bbox 481 1785 612 1868; x_wconf 87' lang='lat' dir='ltr'>quinem</span> <span class='ocrx_word' id='word_1_46' title='bbox 645 1783 679 1848; x_wconf 90' lang='lat' dir='ltr'>in</span> <span class='ocrx_word' id='word_1_47' title='bbox 713 1788 860 1847; x_wconf 86' lang='lat' dir='ltr'>senatum</span> <span class='ocrx_word' id='word_1_48' title='bbox 893 1781 1025 1868; x_wconf 88' lang='lat' dir='ltr'>eogendi</span> <span class='ocrx_word' id='word_1_49' title='bbox 1059 1781 1131 1849; x_wconf 90' lang='lat' dir='ltr'>sint.</span> <span class='ocrx_word' id='word_1_50' title='bbox 1163 1780 1291 1845; x_wconf 89' lang='lat' dir='ltr'>Debent</span> 
     </span>
     <span class='ocr_line' id='line_1_10' title="bbox 307 1929 1369 2019; baseline -0.003 -24"><span class='ocrx_word' id='word_1_51' title='bbox 307 1933 392 1996; x_wconf 91' lang='lat' dir='ltr'>enim</span> <span class='ocrx_word' id='word_1_52' title='bbox 422 1933 492 1996; x_wconf 88' lang='lat' dir='ltr'>illes</span> <span class='ocrx_word' id='word_1_53' title='bbox 524 1953 636 2018; x_wconf 86' lang='lat' dir='ltr'>eogere</span> <span class='ocrx_word' id='word_1_54' title='bbox 662 1933 777 2019; x_wconf 89' lang='lat' dir='ltr'>quibus</span> <span class='ocrx_word' id='word_1_55' title='bbox 795 1933 850 2017; x_wconf 87' lang='lat' dir='ltr'>jus</span> <span class='ocrx_word' id='word_1_56' title='bbox 872 1937 920 1997; x_wconf 91' lang='lat' dir='ltr'>est</span> <span class='ocrx_word' id='word_1_57' title='bbox 943 1930 1090 1997; x_wconf 77' lang='lat' dir='ltr'>veniendi</span> <span class='ocrx_word' id='word_1_58' title='bbox 1112 1929 1133 1994; x_wconf 92' lang='lat' dir='ltr'>i.</span> <span class='ocrx_word' id='word_1_59' title='bbox 1154 1951 1181 1995; x_wconf 89' lang='lat' dir='ltr'>e.</span> <span class='ocrx_word' id='word_1_60' title='bbox 1202 1949 1292 1994; x_wconf 89' lang='lat' dir='ltr'>sena·</span> <span class='ocrx_word' id='word_1_61' title='bbox 1367 1955 1369 1964; x_wconf 40' lang='grc' dir='ltr'><em>ι</em></span> 
     </span>
     <span class='ocr_line' id='line_1_11' title="bbox 306 2079 1290 2165; baseline -0.002 -21"><span class='ocrx_word' id='word_1_62' title='bbox 306 2087 411 2165; x_wconf 83' lang='lat' dir='ltr'>teres,</span> <span class='ocrx_word' id='word_1_63' title='bbox 437 2081 559 2146; x_wconf 77' lang='lat' dir='ltr'>Graece</span> <span class='ocrx_word' id='word_1_64' title='bbox 581 2079 651 2152; x_wconf 79' lang='grc' dir='ltr'><em>τοὺς</em></span> <span class='ocrx_word' id='word_1_65' title='bbox 675 2079 860 2159; x_wconf 70' lang='grc' dir='ltr'><em>βουλευτάς.</em></span> <span class='ocrx_word' id='word_1_66' title='bbox 882 2081 969 2146; x_wconf 93' lang='lat' dir='ltr'>Huie</span> <span class='ocrx_word' id='word_1_67' title='bbox 987 2079 1290 2164; x_wconf 86' lang='lat' dir='ltr'>meaeeenjeeturae</span> 
     </span>
     <span class='ocr_line' id='line_1_12' title="bbox 305 2226 1290 2325; baseline -0.001 -34"><span class='ocrx_word' id='word_1_68' title='bbox 305 2229 412 2292; x_wconf 83' lang='lat' dir='ltr'>favere</span> <span class='ocrx_word' id='word_1_69' title='bbox 435 2229 562 2294; x_wconf 80' lang='lat' dir='ltr'>videtur</span> <span class='ocrx_word' id='word_1_70' title='bbox 585 2229 670 2315; x_wconf 88' lang='lat' dir='ltr'>qued</span> <span class='ocrx_word' id='word_1_71' title='bbox 693 2230 802 2294; x_wconf 89' lang='lat' dir='ltr'>statim</span> <span class='ocrx_word' id='word_1_72' title='bbox 825 2230 968 2325; x_wconf 89' lang='lat' dir='ltr'>sequitur</span> <span class='ocrx_word' id='word_1_73' title='bbox 981 2252 988 2294; x_wconf 91' lang='lat'>:</span> <span class='ocrx_word' id='word_1_74' title='bbox 1003 2227 1134 2302; x_wconf 72' lang='grc' dir='ltr'><em>ὑπήκουε</em></span> <span class='ocrx_word' id='word_1_75' title='bbox 1145 2226 1172 2292; x_wconf 74' lang='grc' dir='ltr'>δ’</span> <span class='ocrx_word' id='word_1_76' title='bbox 1184 2227 1290 2302; x_wconf 70' lang='grc' dir='ltr'><em>αὐτοῖς</em></span> 
     </span>
     <span class='ocr_line' id='line_1_13' title="bbox 305 2375 1291 2464; baseline 0 -24"><span class='ocrx_word' id='word_1_77' title='bbox 305 2381 363 2440; x_wconf 71' lang='grc' dir='ltr'>τῶν</span> <span class='ocrx_word' id='word_1_78' title='bbox 400 2377 529 2458; x_wconf 80' lang='grc' dir='ltr'><em>μετρίων</em></span> <span class='ocrx_word' id='word_1_79' title='bbox 555 2375 668 2451; x_wconf 53' lang='grc' dir='ltr'>οιιδειζη</span> <span class='ocrx_word' id='word_1_80' title='bbox 691 2399 799 2443; x_wconf 87' lang='lat' dir='ltr'>omnes</span> <span class='ocrx_word' id='word_1_81' title='bbox 821 2378 919 2464; x_wconf 83' lang='lat' dir='ltr'>igitur</span> <span class='ocrx_word' id='word_1_82' title='bbox 941 2383 1101 2443; x_wconf 88' lang='lat' dir='ltr'>senatores</span> <span class='ocrx_word' id='word_1_83' title='bbox 1121 2377 1291 2442; x_wconf 80' lang='lat' dir='ltr'>decemviri</span> 
     </span>
     <span class='ocr_line' id='line_1_14' title="bbox 305 2525 1289 2612; baseline 0.001 -23"><span class='ocrx_word' id='word_1_84' title='bbox 305 2547 416 2610; x_wconf 86' lang='lat' dir='ltr'>eogere</span> <span class='ocrx_word' id='word_1_85' title='bbox 451 2533 606 2591; x_wconf 85' lang='lat' dir='ltr'>conantur</span> <span class='ocrx_word' id='word_1_86' title='bbox 639 2548 703 2591; x_wconf 90' lang='lat' dir='ltr'>nen</span> <span class='ocrx_word' id='word_1_87' title='bbox 737 2547 813 2592; x_wconf 84' lang='lat' dir='ltr'>vere</span> <span class='ocrx_word' id='word_1_88' title='bbox 848 2527 1016 2591; x_wconf 89' lang='lat' dir='ltr'>nonnullos</span> <span class='ocrx_word' id='word_1_89' title='bbox 1052 2525 1111 2590; x_wconf 91' lang='lat' dir='ltr'>sibi</span> <span class='ocrx_word' id='word_1_90' title='bbox 1132 2530 1289 2612; x_wconf 83' lang='lat' dir='ltr'>eeeeptes.</span> 
     </span>
     <span class='ocr_line' id='line_1_15' title="bbox 305 2673 1288 2762; baseline 0.001 -25"><span class='ocrx_word' id='word_1_91' title='bbox 305 2673 416 2759; x_wconf 87' lang='lat' dir='ltr'>Ipsum</span> <span class='ocrx_word' id='word_1_92' title='bbox 447 2674 624 2752; x_wconf 67' lang='grc' dir='ltr'><em>βουλευτὰς</em></span> <span class='ocrx_word' id='word_1_93' title='bbox 656 2681 727 2762; x_wconf 88' lang='lat' dir='ltr'>post</span> <span class='ocrx_word' id='word_1_94' title='bbox 765 2696 868 2761; x_wconf 87' lang='lat' dir='ltr'>pauee</span> <span class='ocrx_word' id='word_1_95' title='bbox 899 2675 1062 2740; x_wconf 86' lang='lat' dir='ltr'>invenies:</span> <span class='ocrx_word' id='word_1_96' title='bbox 1093 2673 1118 2739; x_wconf 81' lang='grc' dir='ltr'>οἱ</span> <span class='ocrx_word' id='word_1_97' title='bbox 1150 2673 1225 2738; x_wconf 69' lang='lat' dir='ltr'>biae</span> <span class='ocrx_word' id='word_1_98' title='bbox 1257 2674 1288 2738; x_wconf 76' lang='lat' dir='ltr'>a</span> 
     </span>
     <span class='ocr_line' id='line_1_16' title="bbox 302 2819 1289 2903; baseline 0.003 -18"><span class='ocrx_word' id='word_1_99' title='bbox 302 2819 399 2886; x_wconf 69' lang='grc' dir='ltr'>ταῦθ’</span> <span class='ocrx_word' id='word_1_100' title='bbox 433 2822 559 2902; x_wconf 75' lang='grc' dir='ltr'><em>ὁρῶντες</em></span> <span class='ocrx_word' id='word_1_101' title='bbox 594 2822 798 2903; x_wconf 70' lang='grc' dir='ltr'><em>ἐπεχείρησαν</em></span> <span class='ocrx_word' id='word_1_102' title='bbox 832 2823 889 2900; x_wconf 78' lang='grc' dir='ltr'>μὲν</span> <span class='ocrx_word' id='word_1_103' title='bbox 927 2823 961 2885; x_wconf 77' lang='grc' dir='ltr'>ἐκ</span> <span class='ocrx_word' id='word_1_104' title='bbox 993 2827 1055 2886; x_wconf 78' lang='grc' dir='ltr'>τῶν</span> <span class='ocrx_word' id='word_1_105' title='bbox 1086 2825 1186 2888; x_wconf 67' lang='lat' dir='ltr'>aaran</span> <span class='ocrx_word' id='word_1_106' title='bbox 1218 2823 1289 2898; x_wconf 79' lang='grc' dir='ltr'>τοὺς</span> 
     </span>
     <span class='ocr_line' id='line_1_17' title="bbox 302 2968 597 3048; baseline 0.007 -14"><span class='ocrx_word' id='word_1_107' title='bbox 302 2968 476 3047; x_wconf 75' lang='grc' dir='ltr'><em>βουλευτὰς</em></span> <span class='ocrx_word' id='word_1_108' title='bbox 498 2968 597 3048; x_wconf 67' lang='grc' dir='ltr'><em>ἄνειν.</em></span> 
     </span>
    </p>

    <p class='ocr_par' dir='ltr' id='par_1_4' title="bbox 302 3117 1289 3801">
     <span class='ocr_line' id='line_1_18' title="bbox 347 3117 1287 3205; baseline 0 -21"><span class='ocrx_word' id='word_1_109' title='bbox 347 3118 440 3193; x_wconf 84' lang='lat' dir='ltr'>Quod</span> <span class='ocrx_word' id='word_1_110' title='bbox 462 3121 495 3184; x_wconf 92' lang='lat' dir='ltr'>in</span> <span class='ocrx_word' id='word_1_111' title='bbox 518 3119 628 3184; x_wconf 89' lang='lat' dir='ltr'>eodem</span> <span class='ocrx_word' id='word_1_112' title='bbox 647 3120 752 3205; x_wconf 91' lang='lat' dir='ltr'>eapite</span> <span class='ocrx_word' id='word_1_113' title='bbox 774 3120 901 3205; x_wconf 83' lang='lat' dir='ltr'>legitur:</span> <span class='ocrx_word' id='word_1_114' title='bbox 925 3117 1075 3200; x_wconf 69' lang='grc' dir='ltr'><em>ιινιριόννιι</em></span> <span class='ocrx_word' id='word_1_115' title='bbox 1097 3119 1229 3186; x_wconf 79' lang='grc' dir='ltr'><em>δίιύτὸν</em></span> <span class='ocrx_word' id='word_1_116' title='bbox 1242 3118 1287 3184; x_wconf 81' lang='grc' dir='ltr'>ἔτι</span> 
     </span>
     <span class='ocr_line' id='line_1_19' title="bbox 306 3265 1289 3346; baseline 0.005 -18"><span class='ocrx_word' id='word_1_117' title='bbox 306 3265 503 3345; x_wconf 59' lang='lat' dir='ltr'>navarenses</span> <span class='ocrx_word' id='word_1_118' title='bbox 524 3270 663 3340; x_wconf 76' lang='grc' dir='ltr'><em>’Άιιντιιις</em></span> <span class='ocrx_word' id='word_1_119' title='bbox 687 3270 740 3331; x_wconf 73' lang='lat' dir='ltr'>aei</span> <span class='ocrx_word' id='word_1_120' title='bbox 762 3265 839 3332; x_wconf 69' lang='grc' dir='ltr'>καθ’</span> <span class='ocrx_word' id='word_1_121' title='bbox 863 3268 1008 3333; x_wconf 81' lang='grc' dir='ltr'><em>ἑιιντόν</em></span> <span class='ocrx_word' id='word_1_122' title='bbox 1030 3291 1060 3332; x_wconf 78' lang='grc' dir='ltr'>τι</span> <span class='ocrx_word' id='word_1_123' title='bbox 1080 3267 1180 3346; x_wconf 77' lang='grc' dir='ltr'><em>λέξειν</em></span> <span class='ocrx_word' id='word_1_124' title='bbox 1200 3269 1289 3333; x_wconf 72' lang='lat' dir='ltr'>iatri·</span> 
     </span>
     <span class='ocr_line' id='line_1_20' title="bbox 302 3416 1287 3504; baseline 0.004 -26"><span class='ocrx_word' id='word_1_125' title='bbox 302 3439 379 3491; x_wconf 74' lang='grc' dir='ltr'><em>σιις,</em></span> <span class='ocrx_word' id='word_1_126' title='bbox 415 3418 625 3504; x_wconf 88' lang='lat' dir='ltr'>depravatum</span> <span class='ocrx_word' id='word_1_127' title='bbox 658 3422 706 3483; x_wconf 88' lang='lat' dir='ltr'>est</span> <span class='ocrx_word' id='word_1_128' title='bbox 740 3423 870 3504; x_wconf 87' lang='lat' dir='ltr'>propter</span> <span class='ocrx_word' id='word_1_129' title='bbox 899 3437 1003 3482; x_wconf 88' lang='lat' dir='ltr'>aeeus.</span> <span class='ocrx_word' id='word_1_130' title='bbox 1026 3417 1148 3481; x_wconf 81' lang='grc' dir='ltr'><em>ἑιιντόν.</em></span> <span class='ocrx_word' id='word_1_131' title='bbox 1171 3416 1287 3482; x_wconf 84' lang='lat' dir='ltr'>Dieere</span> 
     </span>
     <span class='ocr_line' id='line_1_21' title="bbox 303 3563 1286 3653; baseline 0 -23"><span class='ocrx_word' id='word_1_132' title='bbox 303 3565 425 3652; x_wconf 88' lang='lat' dir='ltr'>aliquid</span> <span class='ocrx_word' id='word_1_133' title='bbox 447 3573 558 3631; x_wconf 90' lang='lat' dir='ltr'>eontra</span> <span class='ocrx_word' id='word_1_134' title='bbox 581 3567 720 3653; x_wconf 91' lang='lat' dir='ltr'>aliquem</span> <span class='ocrx_word' id='word_1_135' title='bbox 744 3566 866 3632; x_wconf 81' lang='lat' dir='ltr'>Graece</span> <span class='ocrx_word' id='word_1_136' title='bbox 890 3566 1005 3631; x_wconf 89' lang='lat' dir='ltr'>dieitur</span> <span class='ocrx_word' id='word_1_137' title='bbox 1027 3563 1132 3643; x_wconf 75' lang='grc' dir='ltr'><em>λέγειν</em></span> <span class='ocrx_word' id='word_1_138' title='bbox 1151 3588 1181 3630; x_wconf 79' lang='grc' dir='ltr'>τι</span> <span class='ocrx_word' id='word_1_139' title='bbox 1201 3563 1286 3630; x_wconf 72' lang='lat' dir='ltr'>naret</span> 
     </span>
     <span class='ocr_line' id='line_1_22' title="bbox 303 3714 1160 3801; baseline 0.004 -24"><span class='ocrx_word' id='word_1_140' title='bbox 303 3737 401 3788; x_wconf 79' lang='grc' dir='ltr'><em>νινις;</em></span> <span class='ocrx_word' id='word_1_141' title='bbox 425 3716 552 3800; x_wconf 90' lang='lat' dir='ltr'>requiro</span> <span class='ocrx_word' id='word_1_142' title='bbox 574 3715 673 3801; x_wconf 85' lang='lat' dir='ltr'>igitur</span> <span class='ocrx_word' id='word_1_143' title='bbox 697 3717 772 3781; x_wconf 64' lang='grc' dir='ltr'>καθ’</span> <span class='ocrx_word' id='word_1_144' title='bbox 796 3715 904 3780; x_wconf 69' lang='grc' dir='ltr'><strong><em>ἑαυτοῦ</em></strong></span> <span class='ocrx_word' id='word_1_145' title='bbox 925 3738 955 3778; x_wconf 82' lang='grc' dir='ltr'>τι</span> <span class='ocrx_word' id='word_1_146' title='bbox 979 3714 1078 3792; x_wconf 77' lang='grc' dir='ltr'><em>λέξειν</em></span> <span class='ocrx_word' id='word_1_147' title='bbox 1100 3722 1160 3781; x_wconf 89' lang='lat' dir='ltr'>eet.</span> 
     </span>
    </p>

    <p class='ocr_par' dir='ltr' id='par_1_5' title="bbox 302 3863 1286 4101">
     <span class='ocr_line' id='line_1_23' title="bbox 346 3863 1286 3951; baseline 0.001 -24"><span class='ocrx_word' id='word_1_148' title='bbox 346 3863 418 3928; x_wconf 88' lang='lat' dir='ltr'>Lib.</span> <span class='ocrx_word' id='word_1_149' title='bbox 439 3863 500 3928; x_wconf 89' lang='lat' dir='ltr'>XI.</span> <span class='ocrx_word' id='word_1_150' title='bbox 521 3885 547 3928; x_wconf 89' lang='lat' dir='ltr'>a.</span> <span class='ocrx_word' id='word_1_151' title='bbox 562 3866 581 3928; x_wconf 85' lang='lat'>5</span> <span class='ocrx_word' id='word_1_152' title='bbox 593 3864 664 3933; x_wconf 90' lang='lat' dir='ltr'>init.</span> <span class='ocrx_word' id='word_1_153' title='bbox 677 3863 827 3929; x_wconf 88' lang='lat' dir='ltr'>Valerius</span> <span class='ocrx_word' id='word_1_154' title='bbox 839 3863 967 3930; x_wconf 88' lang='lat' dir='ltr'>Potitus</span> <span class='ocrx_word' id='word_1_155' title='bbox 979 3865 1020 3930; x_wconf 86' lang='lat' dir='ltr'>ab</span> <span class='ocrx_word' id='word_1_156' title='bbox 1031 3864 1140 3951; x_wconf 81' lang='lat' dir='ltr'>Appio</span> <span class='ocrx_word' id='word_1_157' title='bbox 1152 3863 1286 3929; x_wconf 75' lang='lat' dir='ltr'>Claudio</span> 
     </span>
     <span class='ocr_line' id='line_1_24' title="bbox 302 4011 1285 4101; baseline 0.003 -25"><span class='ocrx_word' id='word_1_158' title='bbox 302 4011 481 4098; x_wconf 88' lang='lat' dir='ltr'>prohibitus</span> <span class='ocrx_word' id='word_1_159' title='bbox 505 4013 674 4098; x_wconf 90' lang='lat' dir='ltr'>quominus</span> <span class='ocrx_word' id='word_1_160' title='bbox 696 4013 730 4076; x_wconf 90' lang='lat' dir='ltr'>in</span> <span class='ocrx_word' id='word_1_161' title='bbox 753 4019 866 4078; x_wconf 86' lang='lat' dir='ltr'>senatu</span> <span class='ocrx_word' id='word_1_162' title='bbox 884 4013 1216 4101; x_wconf 85' lang='lat' dir='ltr'>verbafaeeretepem</span> <span class='ocrx_word' id='word_1_163' title='bbox 1226 4014 1285 4079; x_wconf 92' lang='lat' dir='ltr'>im·</span> 
     </span>
    </p>
   </div>
   <div class='ocr_carea' id='block_1_4' title="bbox 302 4161 1285 4246">
    <p class='ocr_par' dir='ltr' id='par_1_6' title="bbox 302 4161 1285 4246">
     <span class='ocr_line' id='line_1_25' title="bbox 302 4161 1285 4246; baseline 0.003 -22"><span class='ocrx_word' id='word_1_164' title='bbox 302 4162 406 4246; x_wconf 84' lang='lat' dir='ltr'>plorat</span> <span class='ocrx_word' id='word_1_165' title='bbox 437 4161 530 4229; x_wconf 83' lang='lat' dir='ltr'>Fabii</span> <span class='ocrx_word' id='word_1_166' title='bbox 565 4161 718 4226; x_wconf 85' lang='lat' dir='ltr'>Vibulani</span> <span class='ocrx_word' id='word_1_167' title='bbox 752 4163 847 4227; x_wconf 88' lang='lat' dir='ltr'>unius</span> <span class='ocrx_word' id='word_1_168' title='bbox 880 4162 1131 4228; x_wconf 82' lang='lat' dir='ltr'>decemvirorum</span> <span class='ocrx_word' id='word_1_169' title='bbox 1155 4163 1188 4227; x_wconf 91' lang='lat' dir='ltr'>in</span> <span class='ocrx_word' id='word_1_170' title='bbox 1211 4183 1285 4228; x_wconf 91' lang='lat' dir='ltr'>eum</span> 
     </span>
    </p>
   </div>
   <div class='ocr_carea' id='block_1_5' title="bbox 302 4307 1284 4396">
    <p class='ocr_par' dir='ltr' id='par_1_7' title="bbox 302 4307 1284 4396">
     <span class='ocr_line' id='line_1_26' title="bbox 302 4307 1284 4396; baseline 0.004 -23"><span class='ocrx_word' id='word_1_171' title='bbox 302 4314 449 4374; x_wconf 89' lang='lat' dir='ltr'>senatum</span> <span class='ocrx_word' id='word_1_172' title='bbox 474 4310 581 4374; x_wconf 90' lang='lat' dir='ltr'>oeulos</span> <span class='ocrx_word' id='word_1_173' title='bbox 604 4310 738 4376; x_wconf 85' lang='lat' dir='ltr'>vertisse</span> <span class='ocrx_word' id='word_1_174' title='bbox 761 4311 878 4378; x_wconf 87' lang='lat' dir='ltr'>dieens.</span> <span class='ocrx_word' id='word_1_175' title='bbox 897 4311 936 4386; x_wconf 75' lang='grc' dir='ltr'>ὡς</span> <span class='ocrx_word' id='word_1_176' title='bbox 949 4307 1284 4396; x_wconf 61' lang='grc' dir='ltr'><em>δὲτιιῦτιιεῖιιενΝν-</em></span> 
     </span>
    </p>
   </div>
   <div class='ocr_carea' id='block_1_6' title="bbox 0 0 1642 5188">
    <p class='ocr_par' dir='ltr' id='par_1_8' title="bbox 0 0 1642 5188">
     <span class='ocr_line' id='line_1_27' title="bbox 0 0 1642 5188; baseline 0 2"><span class='ocrx_word' id='word_1_177' title='bbox 0 0 1642 5188; x_wconf 95' lang='lat' dir='ltr'> </span> 
     </span>
    </p>
   </div>
  </div>
 </body>
</html>
