3276 5188
849 613 890 675 24

374 834 538 914 ωρθῶσατε
577 827 615 906 ἃς
650 833 802 911 πολλάκις
832 837 1063 914 ἕβνιδίσνιτε
1101 838 1354 918 ἐπιβούλους

373 981 467 1057 ὁδούς.
501 983 594 1058 Quod
627 985 749 1050 codices
783 985 877 1050 dant:
900 977 939 1060 et,-
963 992 1113 1062 πολλάκις
1139 986 1280 1065 ἐμάθετε
1304 988 1352 1051 ἐπ’

373 1128 486 1205 αὐτοὺς
509 1129 592 1205 ὁδούς
615 1133 700 1197 omni
724 1155 818 1198 sensu
840 1157 947 1202 carere
962 1137 1031 1220 jam
1045 1136 1185 1201 Sintenis
1200 1143 1232 1201 et
1246 1137 1354 1202 Kiess·

372 1278 440 1364 ling
463 1286 550 1344 reete
572 1289 783 1367 monuerunt,
804 1306 939 1370 quorum
959 1291 1066 1348 tamen
1085 1285 1180 1349 nimis
1201 1284 1354 1350 audacem

371 1429 587 1512 conjecturam
622 1430 794 1509 ἕβννδίσνντε
823 1432 1005 1510 ἑπνβννλννς
1028 1432 1111 1506 ttae
1135 1434 1270 1519 probare
1291 1455 1354 1498 non

373 1597 511 1661 possum.
547 1578 606 1642 Est
638 1586 767 1664 autem,
803 1587 839 1645 ut
870 1583 948 1646 mihi
972 1582 1099 1667 quidem
1122 1581 1267 1664 videtur,
1291 1603 1354 1644 non

370 1726 497 1791 difficile
518 1727 658 1812 reperire
675 1727 759 1813 vqnid
781 1728 983 1792 scribendum
1006 1729 1066 1808 sit,
1086 1749 1189 1813 neque
1211 1749 1290 1813 opus
1303 1732 1351 1790 est

371 1876 473 1940 multa
506 1881 641 1940 mutare.
674 1875 819 1940 Verbum
852 1876 937 1938 enim
972 1879 1078 1938 exstat
1110 1874 1353 1938 usitatissimum

372 2025 457 2112 quod
483 2045 556 2110 eum
577 2017 641 2096 tea
664 2023 842 2088 sexcenties
861 2022 1065 2106 conjungitur
1078 2023 1128 2104 (ut
1140 2019 1266 2097 ὀμνύνννν
1279 2042 1351 2085 eum

370 2167 467 2255 ὅρκος)
489 2191 604 2255 nempe
625 2167 725 2251 ἲένννν,
749 2169 838 2252 eujus
860 2190 925 2232 aar.
949 2175 1126 2232 ΗΛΘΕΤΕ
1148 2167 1250 2252 magis
1273 2167 1352 2232 mihi

370 2319 496 2384 videtur
538 2317 794 2403 appropinquare
836 2315 876 2380 ad
916 2317 1082 2380 literarum
1115 2316 1229 2380 duetus
1262 2317 1352 2380 verbi

369 2473 581 2532 ΕΜΑΘΕΤΕ
637 2486 733 2552 quam
777 2464 1051 2550 Kiesslingianum
1096 2472 1350 2532 ΕΒΑΔΙΟΑΤΕ.

371 2613 520 2700 Suspicor
561 2615 697 2700 primam
729 2615 855 2678 literam
887 2621 913 2676 E
948 2613 1036 2677 verbi
1067 2614 1181 2678 eodieis
1212 2613 1351 2690 ἐμάθετε

369 2763 452 2827 male
473 2768 583 2830 natam
608 2783 676 2826 esse
701 2781 743 2826 ex
765 2761 879 2825 ultima
902 2763 996 2826 litera
1019 2761 1108 2825 verbi
1130 2762 1348 2846 praecedentis

368 2915 548 2995 πνλλάκνο;
560 2916 660 2976 restat
671 2917 853 2974 ΜΑΘΕΤΕ
868 2911 952 2996 qued
963 2931 1027 2976 non
1039 2916 1165 2975 tantum
1178 2934 1197 2974 a
1210 2913 1348 2996 genuino

362 3051 544 3124 ΗΛΘΕΤΕ
582 3058 688 3124 differt
710 3065 746 3122 ut
769 3059 982 3144 negligentiae
1005 3059 1126 3124 scribae
1149 3060 1350 3123 dormitantis

367 3208 527 3292 imputare
545 3229 609 3272 non
623 3207 790 3293 possimus.
803 3205 927 3290 Injnria
937 3206 1015 3271 mihi
1027 3207 1175 3271 videntur
1187 3207 1350 3293 Kiessling

369 3359 402 3417 et
435 3325 575 3420 Sintenis
608 3353 658 3417 ἐπ’
692 3352 816 3428 αὐτοὺς
839 3361 964 3420 mutare
986 3355 1019 3418 in
1045 3354 1245 3439 ἐπνβνύλννς;
1269 3356 1349 3420 nihil

368 3501 452 3566 enim
487 3523 560 3567 eum
593 3502 775 3570 Graecitate
808 3510 951 3590 pugnat:
986 3501 1060 3566 ἱέναι
1094 3503 1157 3567 ὁδὸν
1188 3503 1240 3568 ἐπί
1268 3526 1348 3600 assa.

368 3648 473 3723 Quam
505 3651 720 3736 conjecturam
749 3673 855 3718 meam
884 3651 1108 3717 Demosthenis
1132 3654 1348 3718 testimonium

368 3798 534 3864 confirmat
567 3823 640 3886 pag.
675 3804 735 3867 701
769 3802 824 3867 ubi
855 3802 965 3868 eadem
988 3804 1053 3867 fere
1077 3803 1176 3867 verba
1198 3804 1349 3888 leguntur

368 3969 450 4034 quse
480 3948 574 4014 Dion.
599 3951 761 4036 scripsisse
781 3950 935 4016 videtur:
951 3949 1011 4026 aa
1036 3947 1073 4020 δ’,
1098 3949 1123 4012 εἰ
1148 3948 1348 4029 κατώρθωσεν

369 4097 479 4172 ἐκεῖνος
503 4087 537 4168 ἣν
559 4097 610 4162 ἐπ’
635 4095 685 4176 ἔμ’
709 4093 806 4172 ἦλθεν
830 4095 905 4161 ὁδόν.
930 4098 995 4163 κτὲ.

411 4243 482 4308 Lib.
507 4244 567 4309 VI.
591 4268 621 4311 ος
644 4250 695 4312 36.
720 4249 885 4333 legimus:'
900 4244 1092 4328 διῳκίσμεθνν
1115 4247 1177 4324 γὰρ
1200 4249 1238 4321 ὡς
1258 4247 1348 4325 ipsivs
