3276 5188
759 647 805 720 53'

287 883 366 947 mihi
387 884 492 969 placet
514 880 599 960 ueris
623 883 748 946 πολλῶν
772 880 856 967 quod
883 902 903 944 a
928 899 1027 946 manu
1051 879 1273 966 auotorispro·

290 1031 408 1095 fectum
429 1052 498 1096 esse
520 1031 671 1117 suspicor.

333 1179 404 1244 Lib.
440 1179 483 1244 X.
517 1201 543 1244 o.
577 1182 628 1245 46.
656 1178 715 1255 ἐγὼ
738 1177 764 1241 δ’
788 1179 871 1255 ὑμᾶς
892 1175 956 1256 ἄξω
981 1181 1049 1242 aei
1074 1174 1185 1251 ἄδηλον
1208 1185 1284 1253 ‘teir‘

287 1327 413 1406 ἐχθροῖς
446 1327 529 1402 ὁδόν,
564 1333 618 1392 καὶ
652 1328 775 1404 πολλὰς
809 1329 942 1404 {tribur
976 1327 1059 1410 ἔχω,
1098 1328 1163 1394 κτὲ.
1189 1328 1272 1394 Oon·

281 1479 406 1563 junctio
439 1481 492 1541 axi
516 1459 627 1565 prooul
651 1478 746 1545 dubio
771 1499 814 1544 ex
836 1498 942 1542 errore
964 1477 1168 1543 librariorum
1194 1481 1271 1541 nata

286 1648 382 1712 quam
415 1628 554 1712 primum
586 1627 741 1692 mutanda
770 1634 818 1692 est
839 1628 872 1690 in
896 1625 985 1689 κατ’
1008 1631 1044 1691 ut
1067 1626 1163 1713 paulo
1185 1626 1269 1690 infra

285 1772 359 1838 κατ’
381 1771 487 1848 ἄλλοις
508 1773 605 1848 ὁδούς.

332 1924 404 1988 Lib.
429 1924 471 1988 X.
495 1945 521 1988 o.
549 1926 600 1988 54.
624 1922 651 1986 οἱ
671 1923 697 1986 δ’
715 1921 769 1986 οὐκ
788 1922 914 2002 ἔχοντες
932 1927 949 1987 ὅ
967 1945 996 1987 τι
1017 1920 1272 2003 πράττουσιν

286 2067 401 2152 ἕτερον,
436 2071 503 2135 xri.
537 2071 647 2138 Praes.
683 2073 784 2138 Indio.
819 2072 988 2151 πράττουσι
1022 2075 1172 2139 vitiatum
1199 2095 1268 2140 esse

288 2222 493 2286 manifestum
516 2228 581 2304 est3
605 2223 684 2292 solet
706 2223 792 2288 enim
814 2224 848 2286 in
871 2222 1038 2287 sententiis
1052 2221 1270 2308 quaedubita·

287 2369 405 2434 tionem
424 2372 609 2455 exprimunt
631 2391 704 2434 oum
727 2369 780 2434 οὐκ
803 2368 866 2451 ἔχω
891 2365 909 2434 δ’
928 2393 957 2433 τι
981 2370 1157 2455 eonjunotis
1180 2369 1270 2436 adhi-

287 2517 355 2581 beri
378 2524 434 2582 out
459 2517 550 2602 Oonj.
571 2523 628 2582 aut
648 2517 722 2582 Fut.
736 2517 807 2582 Ind.
820 2518 1116 2604 quornmultimum
1127 2519 1269 2584 maxime

287 2666 365 2732 mihi
399 2666 451 2730 hio
486 2667 614 2732 arridet.
650 2667 817 2733 Substituo
847 2667 945 2753 igitur
970 2688 1071 2753 parva
1092 2669 1269 2735 mutatione

286 2823 494 2884 ΠΡΑΞΟΤΟΙ
518 2838 576 2904 pro
597 2824 803 2880 HPATTOT
807 2820 855 2881 01.

330 2969 468 3054 Negatio
489 2967 657 3032 inserenda
681 2971 729 3031 est
751 2964 824 3029 Lib.
848 2964 909 3029 XI.
923 2986 991 3052 oap.
1006 2969 1035 3031 8.
1047 2966 1102 3031 ubi
1114 2967 1267 3052 legimus:

284 3119 309 3181 εἰ
332 3117 395 3196 γὰρ
415 3157 456 3166 -
479 3115 632 3195 βούλεταί
653 3139 701 3190 τις
725 3113 869 3196 stadiae.
895 3113 993 3190 πολὺς
1015 3117 1033 3178 o‘
1054 3113 1267 3193 uznoimiam

284 3264 371 3332 ἔσται
401 3262 525 3348 χρόνος,
551 3266 588 3328 ἕν
612 3259 632 3346 ᾧ
659 3269 750 3345 περὶ
773 3264 890 3339 οὐδενὸς
912 3264 972 3328 τῶν
996 3268 1099 3329 κοινῶν
1123 3280 1265 3330 συνελευ-

283 3416 409 3492 σόμεθα
438 3414 682 3494 βουλευσόμενοι.
706 3415 982 3480 Absurdissimum
1004 3414 1064 3479 hou
1087 3436 1155 3480 esse
1177 3437 1267 3481 sena·

283 3573 352 3630 tum
385 3566 554 3630 eonvenire
587 3565 625 3629 de
659 3566 753 3630 uultu
788 3585 823 3628 re
852 3564 987 3648 publico
1012 3563 1267 3630 deliberaturum
1370 3597 1373 3606 ·

282 3737 392 3798 nemo,
416 3715 544 3800 opinor,
567 3735 631 3778 non
653 3713 812 3778 consedet.
836 3713 953 3778 Proeul
976 3714 1073 3780 dubio
1084 3721 1195 3782 anoton
1207 3717 1267 3783 hoe

283 3865 374 3929 dicit:
409 3885 562 3950 magnum
596 3862 770 3929 intercedet
793 3869 920 3949 tempus
942 3884 1005 3950 quo
1027 3884 1091 3928 oon
1114 3866 1265 3930 eonveni-

282 4035 371 4078 emus
405 4013 443 4077 de
475 4014 546 4076 ullu
570 4033 604 4077 re
629 4011 851 4095 deliberaturi,
875 4012 960 4098 quod
983 4015 1143 4078 constanti
1167 4013 1266 4080 Grae·

283 4183 391 4228 eorum
415 4161 642 4226 consuetudine
663 4161 708 4226 sio
731 4160 863 4226 dieitur:
882 4163 912 4224 ἐν
924 4154 945 4242 ᾧ
957 4161 999 4226 οὐ
1012 4165 1081 4242 περὶ
1094 4161 1266 4239 οὐδενὸς-

282 4309 536 4389 συνελευσδμεθα
568 4309 815 4388 βουλευσόμενοι.
852 4313 979 4401 Inspioe
1011 4315 1091 4381 mihi
1121 4338 1190 4404 oap.
1219 4320 1271 4384 20.
