3276 5188
857 610 898 671 46

382 833 463 898 serat
494 831 549 898 sed
581 839 714 920 quaerat
737 832 894 918 quemodo
916 855 1034 919 poenes
1058 834 1097 900 de
1119 837 1183 900 illis
1207 847 1369 922 sumeret,

381 980 409 1044 si
430 981 536 1046 miuus
558 981 767 1048 alienatione
789 987 824 1047 at
844 981 1004 1068 suffragiis
1016 1005 1024 1067 ;
1037 985 1122 1069 quod
1134 985 1308 1073 Dionysius
1320 987 1372 1052 his

383 1129 489 1196 verbis
508 1130 702 1216 expressisse
720 1137 870 1196 narratur
883 1153 891 1195 z
905 1135 957 1194 sai
972 1130 1061 1208 ὑμεῖς
1072 1142 1177 1198 retra
1191 1132 1370 1215 πάσχοντες

380 1278 539 1358 ἀνέχεσθε
574 1281 628 1344 sat
662 1278 695 1344 οὐ
726 1277 869 1360 ζητεῖτε,
893 1286 974 1356 ὅπως
998 1285 1071 1361 παρ’
1095 1282 1196 1348 αὐτῶν
1219 1286 1366 1366 λήψεσθε

380 1427 486 1502 δόκιις,
520 1433 594 1502 ταῖς
625 1434 698 1505 γοῦν
729 1427 865 1508 ψήφοις,
894 1429 925 1493 ἐν
948 1423 999 1504 si,-
1021 1429 1129 1509 μόναις
1153 1430 1271 1509 ἔξεστιν
1294 1435 1365 1512 ὑμῖν

379 1575 607 1654 &arietariae
640 1578 695 1651 riv
731 1575 920 1657 ἐλευθερίαν.
959 1579 999 1645 Iu
1033 1582 1091 1645 teli
1113 1584 1272 1648 sententia
1294 1605 1366 1648 eum

379 1728 419 1808 γό
452 1737 485 1796 et
516 1735 589 1808 γοῦν
621 1731 688 1796 iere
717 1753 841 1818 semper
864 1731 1069 1817 ¹conjungitur
1091 1729 1149 1796 κόιν
1172 1733 1197 1798 ri
1221 1734 1284 1812 μή,
1309 1736 1366 1800 κᾶν

377 1881 403 1946 εἰ
434 1879 527 1958 μηδὲν
557 1875 639 1944 ἄλλο
669 1881 739 1946 sim.
770 1882 852 1946 eous.
883 1901 910 1946 e.
941 1883 993 1946 51.
1026 1881 1080 1946 fin.
1105 1883 1201 1968 hujus
1223 1884 1316 1950 libri:
1339 1877 1366 1950 oi

377 2035 435 2096 κᾶν
469 2030 495 2095 si
530 2028 630 2109 μηδὲν
664 2036 752 2096 ἄλλο.
777 2031 833 2104 τήν
862 2029 901 2108 γέ
931 2052 977 2094 τοι
1007 2025 1099 2107 δόξαν
1133 2037 1189 2105 τῆς
1213 2030 1364 2109 ἀξιώσεως

376 2179 500 2263 ἔχουσιν
530 2179 679 2259 εὐπρεπῆ.
709 2181 782 2245 Lib.
815 2180 876 2246 VI.
909 2203 936 2246 e.
966 2183 1018 2246 62.
1040 2182 1111 2246 init.
1135 2185 1193 2245 κᾶν
1216 2184 1243 2246 εἰ
1265 2183 1309 2259 μὴ
1332 2185 1364 2248 ἐν

377 2332 511 2412 ἀρχαῖς,
533 2330 631 2411 χρόνῳ
650 2337 723 2406 γοῦν
747 2324 868 2410 ὕστερον
882 2368 923 2378 -
937 2329 979 2393 rit
992 2324 1077 2394 trax
1091 2330 1199 2409 λαβὼν
1215 2331 1286 2409 ὑμῖν
1299 2335 1364 2396 ἐπι·
1445 2360 1449 2365 ·

378 2479 523 2554 θήσεται.
556 2477 680 2554 Quibus
709 2479 865 2563 exemplis
895 2479 996 2544 fretus
1019 2480 1161 2565 suspicor
1183 2487 1254 2567 pust
1277 2480 1365 2555 δόκις

377 2631 531 2697 nonnulle
552 2627 708 2693 excidisse
730 2633 762 2692 et
786 2629 977 2694 senteutiam
998 2630 1042 2694 sie
1065 2629 1130 2694 fere
1152 2630 1185 2694 in
1204 2630 1365 2717 integrm
1425 2690 1429 2696 .

376 2781 503 2847 restitui
521 2798 629 2865 posse:
650 2815 692 2824 -
713 2775 819 2850 δίκαις,
841 2779 913 2839 κᾶν
938 2777 971 2840 si
994 2774 1136 2854 μηδενὶ
1160 2773 1269 2859 ἄλλῳ
1291 2782 1364 2852 ταῖς

374 2935 447 3008 γοῦν
473 2927 591 3008 ψόφοις
626 2931 685 2993 eet.
721 2925 839 2990 Statim
863 2926 1029 3012 sequitur:
1053 2925 1129 2990 ἀλλ’
1152 2923 1197 2990 ἔτι
1218 2932 1271 2991 reat
1291 2931 1360 2997 νῦν.

375 3074 396 3142 ὦ
438 3077 592 3156 δημόται,
635 3073 780 3156 Φρόνημιι
822 3069 977 3152 λαβόντες
1012 3077 1171 3155 ἐλεόθεροι
1205 3080 1273 3140 καὶ
1307 3077 1359 3142 τόν

374 3227 558 3307 preparata
587 3220 675 3302 νόμον
699 3261 740 3272 -
764 3219 982 3302 ἐπικυρώσατε.
1007 3222 1146 3307 Sensus,
1169 3225 1230 3288 nisi
1249 3225 1358 3308 fallor,

373 3378 508 3464 requirit
538 3383 574 3440 ut
607 3397 666 3462 pro
695 3375 807 3462 partie.
831 3367 985 3451 λαβόντες
1007 3373 1238 3439 substituamus
1260 3377 1358 3461 impe·

372 3528 533 3609 retivum,
556 3525 698 3612 alioquin
722 3545 857 3610 sequens
879 3525 933 3587 sat
946 3543 1075 3608 prorsus
1088 3543 1358 3608 supervacaneum

372 3682 454 3742 esset
478 3677 542 3740 imo
564 3674 717 3740 odiosum.
741 3670 861 3747 Quodsi
883 3672 1088 3759 perticipium
1109 3672 1247 3738 retinere
1266 3673 1357 3737 malis

373 3828 522 3892 continuo
556 3844 680 3889 meeum
716 3843 883 3908 expungas
902 3823 1069 3886 molestam
1092 3821 1356 3906 eonjunetienem

372 3973 444 4039 Hae
466 3973 552 4039 enim
575 3972 696 4037 Siccius
719 3971 845 4058 plebum
863 3975 988 4036 mouet:
1009 3970 1138 4035 taudem
1157 3971 1274 4036 liberes
1294 3971 1357 4056 spi·

372 4122 454 4186 ritus
477 4123 593 4186 sumite
617 4127 648 4185 et
672 4121 775 4206 legem
798 4121 957 4205 agrariam
980 4120 1121 4198 sancite,
1141 4139 1291 4184 nonvero
1304 4141 1311 4184 ε
1324 4125 1356 4182 et
