3276 5188
827 567 868 630 22

358 793 472 858 saltem
494 812 552 878 pro
575 791 680 878 petrin
701 791 781 856 mori
803 811 866 856 non
889 791 1054 875 dubitare,
1077 792 1112 858 τὸ
1135 791 1166 856 δὲ
1192 791 1333 871 ὑμέτερον

358 937 509 1021 ἀκμάζον,
533 933 576 1010 οἷς
598 935 715 1016 ἔξεστιν
734 937 902 1019 ἀμφότεραι
920 938 1115 1020 εὐτυχήσασι
1134 939 1190 1016 μὲν
1211 944 1339 1003 σῶσαι

360 1091 414 1154 καὶ
448 1089 560 1153 νικᾶν
591 1089 758 1170 ἀσφαλῶς,
790 1087 815 1151 εἷ
845 1086 876 1152 δὲ
906 1091 960 1152 καὶ
990 1087 1075 1165 μετὰ
1097 1093 1151 1153 τοῦ
1174 1088 1286 1168 Spissi
1307 1110 1337 1151 τι

360 1243 499 1316 γενναῖον
522 1241 577 1300 καὶ
601 1234 716 1300 πιθεῖν
740 1244 799 1303 eet.
824 1237 867 1302 Et
890 1244 965 1302 ante
987 1239 1093 1302 omnis
1114 1237 1239 1302 offendo
1262 1238 1295 1301 in
1315 1235 1341 1298 st

360 1385 391 1452 δὲ
414 1383 485 1468 καὶ,
510 1387 574 1470 (sin
593 1386 713 1470 minus)
736 1387 769 1450 in
792 1385 850 1450 tali
872 1387 957 1450 enim
982 1385 1179 1472 oppositione
1197 1383 1223 1448 εἰ
1245 1383 1276 1448 δὲ
1297 1384 1340 1459 μὴ

361 1536 395 1600 in
419 1556 479 1600 usu
500 1555 570 1600 esse
590 1541 703 1598 notum
725 1538 783 1616 est,
796 1532 881 1620 quod
891 1538 924 1597 et
936 1531 987 1597 hie
998 1531 1215 1618 reponendum
1229 1554 1237 1615 ;
1250 1533 1346 1596 miror

362 1681 592 1768 Kiesslingium
625 1705 645 1748 a
674 1682 846 1770 Sylburgio
876 1681 1056 1746 admonitus
1087 1687 1123 1744 ut
1147 1668 1344 1744 constantem

364 1829 560 1896 Graecorum
582 1830 843 1896 consuetudinem
861 1837 1045 1916 sequeretur
1065 1830 1206 1916 spurium
1228 1828 1343 1894 codicis

362 1977 531 2044 lectionem
553 1978 751 2064 praetulisse.
776 1977 868 2053 Quod
887 1979 921 2043 in
933 1978 1044 2044 eadem
1056 1977 1375 2062 sententialegitun.'

363 2126 449 2188 νικᾶν
490 2128 650 2207 ἀσφαλῶς
682 2148 857 2214 nusquam,
893 2134 1049 2213 quantum
1084 2128 1234 2210 memini,
1269 2127 1345 2192 alibi

363 2273 468 2340 adhue
486 2275 671 2340 inveneram
690 2296 794 2361 neque
812 2275 898 2361 apud
917 2275 1011 2340 Dion.
1032 2297 1136 2360 neque
1148 2273 1234 2360 apud
1246 2275 1347 2338 nilum

365 2426 548 2507 suetorem3
571 2423 777 2490 vehementer
799 2423 910 2489 dubito
932 2446 974 2489 an
993 2422 1148 2504 ἀσφαλῶς
1169 2424 1346 2488 cummunis

365 2590 429 2635 non
464 2572 653 2656 conveniet,
683 2573 834 2638 victoriae
863 2573 948 2637 enim
980 2594 1044 2637 non
1068 2573 1169 2636 solent
1192 2571 1348 2656 reportari

366 2719 434 2784 sine
457 2719 615 2806 perieulis.
640 2720 741 2786 Recte
765 2720 893 2807 quidem
912 2720 1028 2785 dieitur
1047 2718 1099 2800 ζῆν
1111 2719 1270 2801 ἀσφαλῶς
1283 2743 1346 2786 non

367 2875 497 2952 tamen,
531 2874 567 2933 ut
601 2869 732 2956 opinor,
764 2873 850 2932 νικᾶν
874 2868 1051 2947 &nestun
1080 2869 1134 2933 sed
1157 2869 1238 2935 nihil
1260 2876 1348 2936 muto

367 3018 501 3084 acutiori
531 3018 659 3104 ingenio
690 3019 872 3104 relinquens
902 3018 936 3082 in
958 3018 1045 3084 hisee
1068 3018 1208 3083 tenebris
1231 3020 1350 3084 claram

369 3171 473 3234 lucem
501 3166 680 3232 escendere.
713 3166 828 3252 Neque
856 3166 935 3230 mihi
965 3167 1090 3252 plaeere
1120 3173 1346 3252 potestatum

369 3318 484 3401 (vitem
517 3318 658 3400 servare)
692 3317 723 3380 in
755 3315 857 3380 forms
876 3314 981 3379 activa
1000 3314 1056 3378 ubi
1081 3317 1257 3381 necessario
1281 3339 1352 3402 pss-

370 3466 439 3532 sivs
482 3465 673 3554 requiritur3
719 3464 878 3530 substituo
918 3465 1017 3550 igitur
1048 3487 1121 3530 cum
1156 3466 1352 3531 Buechelero

370 3615 507 3692 σωθῆναι
533 3616 638 3704 quod,
661 3616 722 3682 etsi
746 3616 848 3701 magis
868 3616 1351 3702 seodieumseriptursdifferst

371 3791 468 3856 quam
491 3766 570 3854 perf.
593 3763 753 3830 σεσῶσθαι
779 3765 863 3852 quod
889 3765 1028 3830 Sintenis
1051 3771 1083 3829 et
1106 3763 1269 3850 Kiessling
1282 3786 1353 3851 pno-

369 3922 514 4006 ponunt‚
536 3923 646 3981 tamen
669 3914 912 4002 praeferendum
935 3936 1047 3980 censeo
1069 3920 1198 4000 propter
1218 3935 1354 4000 sequens

373 4086 439 4131 sor.
464 4061 591 4129 παθεῖν.

417 4211 489 4277 Lib.
521 4210 581 4277 VI.
605 4233 632 4278 e.
660 4216 709 4278 12.
733 4213 805 4276 Hoe
827 4212 951 4276 editur:
981 4214 1010 4274 ἐν
1033 4209 1130 4290 τούτῳ
1153 4211 1195 4290 τῷ
1219 4212 1317 4287 ἀγῶνι
1341 4211 1354 4273 ὁ
