3276 5188
832 636 874 698 30

368 862 508 946 legiones
540 884 559 925 a
591 861 745 926 dictatore
767 859 963 944 conscriptae
985 865 1090 923 essent
1113 862 1221 922 temen
1243 877 1344 921 ssere-

365 1016 473 1076 monto
510 1008 702 1075 tenebantur
736 1007 835 1072 donee
868 1007 1012 1072 eonsules
1044 1027 1098 1072 ess
1130 1005 1345 1088 dimitterent,

363 1158 513 1243 quonism
539 1158 573 1220 in
592 1177 702 1221 eorum
714 1155 813 1221 verba
819 1156 1017 1239 juraveruut.
1030 1153 1203 1219 Praeterea
1216 1153 1345 1216 Livium

362 1305 443 1370 nihil
476 1325 590 1370 moror.
628 1303 763 1390 Saepius
797 1303 970 1388 Dionysius
1004 1309 1036 1368 et
1070 1302 1182 1367 Livius
1204 1303 1287 1367 inter
1311 1322 1346 1366 se

368 1453 531 1518 differunt.
574 1452 691 1517 Noster
731 1452 841 1517 soribit
876 1451 1064 1518 dietstorem
1097 1472 1170 1516 suas
1204 1451 1344 1536 legiones

358 1601 530 1685 dimisisse,
564 1622 623 1666 neo
654 1602 756 1666 ullum
789 1623 831 1665 ex
864 1601 1019 1687 Dionysio
1052 1600 1236 1686 exemplum
1266 1600 1341 1664 novi

357 1749 475 1815 milites
494 1750 563 1834 jem
585 1749 730 1814 dimissos
753 1749 856 1814 edhuo
880 1753 1079 1816 sacramento
1101 1749 1215 1814 teneri.

404 1898 476 1962 Lib.
500 1898 561 1964 VI.
585 1920 611 1964 o.
638 1901 689 1966 64.
713 1897 748 1960 οἱ
773 1897 829 1976 μὲν
853 1889 902 1962 οὖν
925 1899 1157 1978 πολυοχλοῦσαι
1181 1894 1335 1974 δυνάμεις,

361 2049 436 2110 ὅπιιν
469 2043 608 2123 λάβωσιν
642 2040 799 2123 ἧνεμᾶνκς
833 2045 887 2110 οὐκ
919 2045 1039 2122 sitim
1068 2045 1178 2127 ἄρχειν
1201 2045 1335 2128 τοσούτῳ

362 2201 484 2273 μᾶλλον
529 2197 782 2279 κοικοπκθοῡσιν,
827 2199 945 2278 ὅσῳπερ
990 2193 1029 2259 sis
1073 2194 1199 2276 μείζονιι
1244 2193 1339 2275 ἔχωσι

359 2347 407 2408 πό
414 2365 488 2424 ρον.
510 2343 666 2410 Mendum
687 2346 768 2410 istst
790 2346 823 2409 in
846 2345 959 2410 ultimo
970 2344 1125 2410 vocabulo
1137 2343 1243 2429 πόρον,
1256 2343 1341 2430 quod

362 2491 484 2558 Reiske
507 2493 554 2558 its
576 2499 701 2558 vertere
724 2498 874 2558 sonatur:
898 2499 989 2558 tanto
1002 2493 1104 2578 magis
1118 2494 1341 2558 ooufliotautur

361 2645 482 2726 quanto
513 2641 614 2726 major
643 2647 691 2706 est
715 2662 825 2706 eorum
847 2663 1008 2706 ιινικονιιο.
1034 2641 1097 2707 Sed
1118 2663 1229 2726 nemo,
1253 2640 1339 2726 quod

359 2788 476 2873 seiam,
498 2811 640 2876 uuquam
665 2789 753 2870 πόρος
776 2798 808 2856 et
830 2785 911 2870 πόροι
935 2792 995 2857 hoo
1018 2813 1113 2857 sensu
1135 2793 1260 2880 accipit.
1281 2791 1341 2855 nst

359 2943 468 3004 autem
500 2938 690 3007 vocobulum
727 2939 972 3004 usitatissimum
995 2959 1148 3024 magnum
1170 2959 1340 3004 numerum

359 3087 542 3171 significans
564 3086 649 3172 quod
672 3087 791 3172 optime
814 3086 855 3151 od
874 3107 1095 3173 praegressum
1106 3089 1337 3166 πολυοχλοῦσαι

362 3231 506 3310 δυνάμεις
539 3235 675 3318 referas,
700 3234 733 3298 id
755 3240 804 3299 est
826 3231 919 3314 ὄχλον
943 3235 1044 3322 quod,
1066 3235 1128 3300 nisi
1151 3236 1262 3318 fallor,
1285 3234 1338 3299 hie

360 3382 618 3448 substituendum
640 3389 698 3449 est.
722 3382 842 3460 Quodsi
866 3405 908 3450 ex
929 3407 981 3450 me
994 3385 1121 3470 quaeris
1133 3385 1217 3451 unde
1228 3383 1335 3449 leotio·

360 3552 434 3596 nem
458 3533 623 3618 vulgatam
644 3538 755 3598 notem
777 3539 888 3620 putem
912 3532 1086 3619 respondeo
1110 3555 1162 3598 me
1180 3534 1334 3617 eonjioere

357 3685 429 3765 post
440 3685 627 3746 EXOTGIN
640 3702 775 3767 sequeus
787 3687 938 3744 ΟΧΛΟΝ
951 3680 1106 3748 excidisse
1117 3686 1149 3746 et
1160 3682 1339 3745 lnounsmo

361 3828 491 3894 librario
510 3790 647 3916 quodam
663 3835 783 3894 temere
794 3835 825 3894 et
838 3829 1068 3894 inconsiderate
1079 3829 1242 3915 expletam
1254 3847 1332 3892 esse.

403 3976 524 4044 Dubito
547 3999 625 4043 num
648 3979 729 4044 forte
751 3977 873 4064 aliquid
893 3977 1089 4062 interciderit
1112 3998 1155 4042 ex
1177 3976 1249 4041 Lib.
1274 3975 1335 4041 VI.

358 4147 385 4192 e.
412 4128 463 4191 77.
485 4127 540 4192 οὐκ
562 4124 616 4209 ἐφ’
635 4132 719 4210 ἡμᾶς
738 4122 967 4204 ἡνκνκιέσὲκνε
979 4129 1180 4207 κκτοιφννεῖν
1193 4125 1221 4190 οἱ
1233 4123 1336 4202 σεμνοὶ

358 4272 410 4342 usi
442 4275 571 4358 βαρεῖς,
603 4274 710 4342 πιέντκ
735 4272 969 4358 ὑπισχνούμενοι
988 4283 1045 4351 τῆς
1067 4275 1139 4341 τότε
1162 4273 1333 4356 ternplum
