3276 5188
776 676 813 737 61

309 899 463 981 προβολῆς
484 901 528 974 εἷς
550 898 592 963 τοὶ
616 897 736 979 arsapio
757 897 918 983 βοὶψοις,
942 897 1007 963 ari.
1031 897 1286 982 Quamprimum

302 1072 361 1136 pro
385 1051 504 1116 aoristo
525 1048 639 1128 βάψας
662 1050 806 1114 futurum
824 1047 937 1128 βάφων
949 1069 1017 1114 esee
1029 1045 1286 1112 substituendum

303 1203 375 1266 luce
410 1201 525 1265 elarius
555 1203 624 1283 est;
648 1196 761 1262 Gallus
783 1198 868 1261 enim
891 1197 925 1261 in
947 1217 983 1262 eo
1006 1201 1074 1261 erat
1096 1201 1133 1260 ut
1156 1195 1285 1276 feriret,

303 1349 446 1415 noudum
481 1349 620 1414 ferierat.
658 1347 755 1413 Oerta
789 1355 897 1412 autem
927 1353 975 1412 est
1003 1348 1058 1410 lex
1081 1345 1284 1432 participium

304 1499 405 1562 futuri
419 1497 562 1562 adhiberi
575 1496 616 1562 ad
624 1497 789 1562 eonsilium
798 1496 918 1582 aliquid
926 1494 1061 1561 faciendi
1070 1494 1284 1559 indicandum.

346 1645 418 1710 Lib.
454 1645 549 1709 XVI.
576 1667 602 1710 c.
628 1649 658 1709 8.
684 1645 816 1728 (Kiessl.
841 1645 901 1710 IV.
925 1667 956 1730 p.
981 1646 1070 1728 224.)
1092 1646 1184 1730 gravi
1207 1645 1285 1710 vitio

299 1794 434 1859 laborat.-
470 1793 572 1879 Gajus
607 1794 775 1859 Laetorius
809 1794 957 1859 tribunus
980 1794 1119 1859 militum
1143 1795 1177 1859 in
1199 1794 1283 1860 bello

301 1943 475 2008 Samnitico
508 1942 728 2008 contubernali
759 1964 816 2008 suo
835 1945 949 2028 juveni
971 1945 1197 2009 formosissimo
1219 1945 1286 2010 vim

300 2093 414 2158 afferre
447 2099 578 2157 conatus
612 2097 698 2176 erat;
733 2112 797 2177 qua
830 2113 865 2156 re
897 2093 1007 2157 audita
1028 2093 1119 2178 plebs
1142 2094 1284 2158 omnium

302 2263 456 2306 consensu
478 2240 640 2306 hominem
662 2240 866 2306 libidinosum
892 2247 924 2306 et
947 2241 1166 2327 impudentem
1180 2243 1284 2330 capite

300 2391 464 2455 damnavit
486 2389 540 2454 oda
563 2387 658 2466 οὶξιῶν
681 2389 724 2464 εἷς
747 2387 900 2471 ἐλεύθερα
918 2389 1053 2469 σώματα
1067 2394 1120 2454 καὶ
1135 2403 1283 2471 προπολε-

299 2541 418 2614 μοῦντα
459 2545 515 2612 τῆς
560 2542 621 2602 τῶν
663 2545 766 2604 ἄλλων
799 2540 979 2620 ἐλευθερίας
1011 2538 1083 2614 τοὺς
1117 2541 1154 2603 ἐν
1190 2547 1282 2613 ταῖς

299 2685 349 2750 ola
363 2700 456 2762 λαις
491 2685 581 2763 ὄντας
611 2691 762 2769 ἀρχαῖς
786 2687 917 2770 ὑβρίζειν
939 2687 998 2764 τοὶς
1020 2687 1206 2763 ἀνηκέστους
1229 2695 1280 2752 και

299 2835 385 2916 auae
408 2835 503 2918 φύσιν
527 2843 590 2912 τοῖς
613 2833 730 2918 ἄρρεσιν
755 2833 868 2920 ὕβρεις.
893 2840 1087 2926 Corruptum
1111 2846 1159 2904 est
1171 2839 1282 2924 procul

299 2985 395 3050 dubio
429 2986 460 3049 ἐν
496 2993 568 3061 ταῖς
602 2983 720 3062 ἄλλοις
742 2987 876 3068 ἀρχαῖς,
901 2988 986 3074 quod
1007 3009 1134 3052 sensum
1156 2989 1281 3052 nullum

302 3133 405 3200 affert.
433 3133 602 3209 Quodnam
624 3138 709 3202 enim
731 3158 848 3202 munus
871 3137 904 3201 in
926 3142 1035 3203 nostro
1047 3137 1151 3223 eapite
1163 3157 1280 3201 memo·

298 3287 389 3346 ratur
433 3284 517 3368 quod
552 3284 639 3350 bisce
674 3286 752 3350 otiis
785 3285 969 3350 maneribus
1003 3285 1119 3372 opponi
1152 3285 1279 3372 possit?

298 3429 437 3496 Frustra
472 3435 619 3518 quaeris3
655 3433 695 3499 de
716 3455 780 3499 uno
801 3440 927 3499 tantum
948 3455 1081 3499 munere
1103 3455 1218 3520 nempe
1241 3435 1279 3499 de

297 3581 465 3647 tribunatu
489 3585 628 3648 militum
647 3584 767 3649 mentio
789 3583 836 3648 fit.
860 3583 882 3648 J
884 3605 936 3648 am
956 3582 1076 3648 Reiske
1088 3591 1219 3648 conatus
1231 3590 1279 3648 est

294 3730 449 3796 librorum
489 3733 626 3819 ineptias
666 3732 824 3820 probabili
864 3732 1046 3817 conjectrua
1079 3754 1277 3802 summovere

296 3902 396 3966 quum
431 3888 575 3948 censeret
611 3889 686 3949 ante
719 3888 791 3956 ταῖς
824 3879 941 3956 ἄλλαις
974 3883 1130 3950 excidisse
1153 3887 1183 3948 ὲν
1206 3893 1278 3962 ταῖς

298 4031 504 4108 στρατηγίαις
546 4035 622 4106 κοοὶ;
658 4033 714 4098 sed
750 4033 811 4099 hae
844 4034 973 4119 quidem
1006 4035 1188 4120 conjectura
1219 4038 1280 4102 loci

296 4179 468 4255 difficultas
503 4202 567 4246 non
601 4182 746 4265 tollitur,
779 4183 887 4247 nullus
922 4182 1007 4248 anim
1028 4183 1115 4249 locus
1136 4184 1189 4250 hic
1209 4207 1278 4252 esse

294 4335 399 4419 potest
430 4330 654 4396 molestissimo
676 4337 748 4408 ταῖς
770 4335 898 4410 ἄλλοις.
921 4332 995 4401 Mea
1017 4335 1176 4402 sententia
1197 4337 1279 4406 nihil
