3276 5188
754 666 793 727 13

283 890 356 954 lieet
379 889 435 954 sed
457 890 554 954 etiam
577 910 705 976 prorsus
727 911 799 955 are
810 891 938 976 publica
950 879 1088 974 gerenda
1103 889 1265 952 abstinere

283 1038 387 1103 debet.
411 1038 502 1104 Idem
526 1023 641 1104 vitium
665 1041 830 1126 Kiessling
854 1041 938 1105 toust
961 1039 1034 1104 Lib.
1058 1038 1101 1103 v.
1125 1059 1152 1102 ε.
1167 1040 1196 1102 1.
1210 1037 1265 1101 ubi

285 1189 334 1253 vir
366 1188 448 1254 doct.
475 1195 506 1254 et
530 1191 673 1276 sequitur
695 1190 728 1254 id
751 1190 835 1276 quod
858 1211 936 1255 sana
958 1190 1040 1254 ratio
1064 1189 1204 1274 postulat
1230 1192 1262 1252 et

285 1337 377 1402 firmo
402 1318 569 1403 Urbibatis
592 1337 707 1404 codicis
729 1339 921 1404 adminiculo
945 1337 1071 1404 nititur.

330 1487 403 1552 Lib.
437 1487 488 1552 IV
524 1510 550 1554 ο.
575 1491 627 1553 84.
657 1490 792 1575 legimus
815 1488 952 1558 κακεῖνος
976 1487 1188 1560 ύπολύσας
1211 1488 1266 1565 τὴν

288 1635 454 1710 ἐκκλησίαν
478 1609 637 1702 ἐκέλευσεν
660 1617 807 1710 ἅπαντας
831 1633 911 1711 ἥκειν
934 1640 978 1712 εἷς
999 1637 1035 1701 τὸ
1054 1635 1172 1710 πεδίον,
1188 1634 1266 1702 ἔνθα

286 1783 418 1862 σύνηθες
442 1787 548 1862 αὐτοῖς
570 1781 604 1860 ἦν
624 1787 882 1869 ἀρχαιρεσιάζειν.
897 1788 960 1863 Qui
972 1787 1155 1854 concionem
1166 1784 1269 1873 plebis

285 1943 342 2002 aut
376 1944 523 2003 senatum
545 1936 678 2004 dimittit
701 1939 818 2004 dicitur
842 1934 977 2002 διαλύειν
1001 1941 1056 2018 τὴν
1081 1936 1266 2010 ἐκκλησίαν,

286 2086 338 2152 τὸν
360 2067 632 2163 atttoyovjvide
657 2088 750 2153 modo
774 2085 941 2174 exempla:
965 2087 1037 2152 Lib.
1062 2088 1142 2153 VII.
1167 2110 1194 2154 ο.
1216 2086 1269 2154 14.
1384 2107 1385 2112 ’

286 2235 340 2300 fin.
374 2242 395 2316 ἡ
427 2234 483 2312 μέν
507 2234 658 2309 ἐκκλησία
682 2233 837 2310 διελύετο,
863 2259 932 2324 cap.
959 2239 1009 2302 17.
1031 2236 1174 2322 ejusdem
1195 2236 1270 2301 libri

285 2387 390 2450 τοῦτον
424 2385 475 2450 τὸν
510 2384 599 2468 νόμον
622 2385 874 2467 ἐπιψηφίσαντες
897 2385 924 2450 οἱ
947 2367 1100 2466 δύροαρχοι
1125 2383 1269 2449 διέλυσαν

285 2534 340 2608 την
366 2533 554 2618 ε’κκλησίαν;
580 2541 612 2600 et
635 2534 674 2600 de
696 2541 810 2600 senatu
833 2535 905 2599 Lib.
929 2535 994 2600 ΙΙΙ.
1019 2556 1045 2599 υ.
1072 2537 1124 2600 23.
1150 2532 1269 2598 διέλυσε

285 2682 337 2746 τὸν
372 2680 536 2760 σύλλογον.
552 2679 553 2682 “
571 2682 643 2747 Lib.
675 2682 736 2748 IV.
761 2705 788 2748 e.
813 2686 864 2749 37.
888 2689 993 2747 ταῦτα
1016 2683 1204 2764 διαλεχθείς
1228 2721 1269 2731 -

285 2828 404 2894 διέλυσε
427 2829 479 2904 τδν
503 2832 668 2908 σύλλογον.
692 2831 765 2897 Lib.
791 2833 832 2897 V.
860 2835 911 2899 72.
935 2833 990 2898 fin.
1014 2830 1214 2906 διαλυθείσης
1238 2831 1269 2896 δὲ

284 2985 340 3060 τῆς
373 2979 490 3060 βουλῆς
513 2985 573 3045 eet.
597 2980 669 3045 Lib.
694 2980 755 3046 VI.
780 3003 806 3046 (ι.
832 2983 883 3046 67.
907 2981 977 3045 init.
1001 2985 1114 3075 ταῦταΙ
1130 2978 1268 3050 είπύντες

285 3127 428 3193 διέλυσαν
452 3131 503 3195 τὸν
527 3135 690 3208 σύλλογον.
714 3131 787 3196 Lib.
810 3129 862 3195 VI
886 3152 912 3195 (ι.
937 3133 988 3197 69.
1011 3127 1096 3207 μετύι
1119 3129 1267 3194 δὲταῦτα

284 3283 339 3352 τῆς
372 3277 490 3356 βουλῆς
520 3279 721 3354 διαλυθείσης
745 3285 806 3344 eet.
831 3279 910 3344 Post
932 3279 1011 3344 haec
1033 3280 1182 3364 exempla
1205 3299 1268 3343 non

284 3425 496 3494 dubitandum
532 3435 580 3494 est
617 3429 695 3515 quin
732 3429 895 3520 ύπολιίσας
936 3427 1126 3492 mutandum
1160 3429 1202 3492 sit
1235 3429 1269 3491 in

284 3576 448 3653 διαλύσας.
484 3578 558 3644 Non
580 3579 707 3644 obstare
730 3578 809 3644 mihi
831 3579 958 3644 videtur
980 3578 1052 3643 Lib.
1077 3577 1137 3643 VI.
1162 3599 1190 3643 c.
1216 3580 1267 3642 10.

286 3725 338 3792 καί
371 3729 385 3792 ὁ
418 3727 589 3806 Ποστόμιος
624 3767 666 3777 -
701 3725 856 3792 ἀπέλυσεν
892 3727 957 3814 (τὸν
992 3727 1099 3812 δῆμον)
1131 3726 1184 3790 ἐπὶ
1209 3724 1268 3801 τοὶς

285 3875 403 3954 τοίξεις.
435 3878 507 3943 Lib.
543 3877 605 3942 VI.
643 3899 670 3942 e.
705 3880 758 3944 43.
794 3876 962 3958 Οὐαλέριος
983 3848 1028 3926 -ss
1049 3874 1189 3941 οὶπέλυσε
1216 3877 1268 3940 τὸν

284 4027 378 4105 δῆμον
398 4027 465 4096 ,ύπδ
491 4033 544 4102 τῆς
568 4025 735 4107 στρατείας
757 4026 830 4093 Lib.
852 4026 933 4093 VII.
957 4049 983 4092 o.
1008 4028 1038 4090 6.
1062 4023 1203 4090 ἀπέλυσε
1214 4025 1268 4099 την

283 4177 450 4252 ἐκκλησίαν
484 4179 559 4264 (τῶν
595 4179 823 4262 στρατιωτῶν),
858 4177 914 4242 ubi
945 4199 1048 4243 sermo
1069 4183 1118 4242 est
1141 4199 1205 4244 non
1228 4178 1268 4243 de

283 4328 378 4417 plebe
401 4349 505 4414 neque
527 4328 566 4394 de
591 4335 721 4413 senatu,
746 4328 802 4394 sed
824 4327 864 4394 de
886 4328 1052 4393 militibus.
