3276 5188
776 653 817 717 25

275 901 277 908 '
311 888 365 950 καί
397 884 446 949 δνίο
481 877 587 956 πόλεις
616 879 730 962 ἔχομεν
760 885 816 963 πίον
845 880 902 958 μὲν
932 878 1008 956 μίαν
1038 879 1096 944 ὑπὸ
1124 878 1230 952 πενίοος
1254 899 1291 940 πε

311 1037 363 1096 καί
404 1033 543 1108 οίνάηνη,1
584 1029 832 1113 ἀρχομένην.
870 1033 926 1110 τὴν
959 1028 987 1091 δ’
1024 1028 1081 1092 ὑπὸ
1116 1026 1199 1107 κίρον
1234 1029 1288 1089 καί

312 1174 436 1260 ὕβρεως.
481 1149 616 1246 Offendo
650 1181 683 1244 in
713 1179 867 1244 vocabulo
897 1175 1069 1258 (ἐρχομένην
1099 1174 1183 1262 quod
1218 1194 1292 1239 eum

312 1327 369 1391 ὑπὸ
405 1325 512 1400 πενίας
543 1349 579 1390 τε
611 1336 664 1390 καὶ
695 1326 833 1402 ἀνάγκης
863 1332 922 1390 eet.
946 1325 1096 1410 conjungi
1118 1344 1183 1387 non
1201 1323 1291 1387 solet.

313 1475 376 1540 Sed
398 1475 478 1540 nihil
501 1475 604 1540 habeo
626 1474 710 1560 quod
732 1475 934 1540 substituam.
955 1474 1098 1552 Maxime
1117 1473 1197 1537 mihi
1216 1472 1294 1536 arri·

311 1623 406 1688 debat
440 1621 609 1706 ἐχομένην,
634 1623 719 1710 quod
741 1625 866 1709 saepius
890 1643 963 1687 eum
986 1620 1038 1684 ὑπ’
1061 1617 1213 1697 ἅνοίμκης,
1239 1616 1292 1682 ὑπ’

309 1770 437 1850 α’ποοίοος
463 1770 682 1857 similibusque
704 1772 910 1854 eonjunetum
933 1771 1117 1853 invenitur,
1142 1769 1198 1835 sed
1220 1769 1293 1853 reji-

310 1919 457 1984 ciendum
489 1926 566 2006 puto
601 1925 730 2006 propter
755 1919 825 2002 jem
848 1919 945 1982 semel
969 1938 1136 1982 occurrens
1160 1913 1293 2000 ἔχομεν;

311 2090 374 2134 non
386 2070 470 2134 enim
483 2069 585 2133 simile
596 2069 664 2134 veri
676 2073 725 2132 est
736 2073 898 2132 auctorem
911 2066 1061 2132 edidisse:
1075 2064 1189 2146 ἔχομεν
1203 2060 1292 2129 πόλιν

310 2216 459 2297 ἐχομένην
489 2216 546 2282 ὑπὸ
573 2215 690 2290 πενίας.
713 2216 801 2280 Num
823 2216 904 2282 forte
925 2216 989 2300 legi
1011 2221 1115 2301 potest
1138 2211 1293 2291 οὶγομίνην

309 2373 365 2430 sut
388 2363 583 2446 φερομένην.9

353 2514 457 2580 Valde
480 2515 647 2600 inquinate
669 2535 737 2579 esse
760 2534 842 2599 quae
864 2513 1015 2598 leguntur
1038 2511 1110 2577 Lib.
1123 2512 1184 2577 VI.
1197 2533 1224 2577 c.
1238 2515 1289 2577 41.

312 2662 381 2726 init.
406 2684 463 2750 pro
485 2668 572 2727 eerto
596 2661 708 2727 habeo.
721 2662 794 2746 (Est
806 2684 880 2747 pers
892 2662 1043 2726 orationis
1055 2662 1179 2727 Valerii
1191 2661 1289 2726 diets·

311 2811 388 2875 toris
411 2831 507 2896 quem
529 2810 643 2874 hebuit
666 2817 702 2874 ut
714 2811 868 2896 populum
880 2811 1063 2876 hortaretur
1074 2810 1172 2874 elueri
1183 2811 1290 2874 animo

312 2958 431 3024 bellum
453 2958 606 3023 adversus
630 2957 761 3045 Aequos
779 2965 811 3024 et
832 2959 966 3024 Sabinos
987 2965 1019 3024 et
1042 2959 1176 3024 Volseos
1195 2960 1293 3045 susci·

310 3110 399 3194 pere)
419 3105 452 3170 οὐ
474 3105 537 3184 ηίοο
561 3104 656 3180 δήπου
680 3105 901 3182 συνεξαπατᾶν
926 3107 1009 3185 ὑμαῖς
1023 3108 1224 3185 ἐπιστάμενον
1237 3105 1291 3181 πίον

309 3254 433 3327 οίπὰπην
453 3292 494 3302 -
515 3252 772 3333 ὑπολαμβάνετε.
793 3255 818 3319 εί
840 3255 1018 3334 yseram
1033 3255 1103 3333 ὑμῖν
1116 3254 1291 3336 είοέρχεπονο

311 3405 379 3483 περί
410 3402 503 3480 ἐμοῦ,
531 3402 569 3473 ὡς
604 3400 751 3467 οίποίνπων
779 3399 951 3491 ,ἀνθρώπων
986 3402 1243 3484 κακουργοτάτη,
1278 3399 1297 3468 ί

310 3575 340 3616 πο
363 3549 522 3630 βούλεσθε
544 3549 696 3633 χρώμενοί
707 3575 757 3629 μον
772 3602 866 3618 .....
879 3557 996 3627 ταύτης
1007 3552 1065 3630 μὲν
1077 3559 1133 3626 τῆς
1146 3550 1293 3637 ὑποψίας,

312 3703 379 3780 ε’μοί
403 3704 594 3779 πειθόμενον,
619 3701 678 3776 πίις
692 3700 804 3781 ψυχας
816 3701 1056 3783 ἐλευθερώσατε·
1070 3741 1112 3749 -
1125 3699 1292 3782 προθύμως

311 3845 359 3916 οὖν
390 3852 606 3917 οίποδοίοονοθε.
639 3852 803 3918 Nonnulla
824 3859 896 3939 post
917 3849 1069 3932 χρώμενοί
1092 3875 1142 3928 μον
1166 3853 1293 3917 interei-

314 4002 429 4068 derunt
462 4002 547 4088 quod
573 4005 642 4088 jem
673 4003 793 4068 Reiske
815 4010 847 4067 et
871 4001 1035 4087 Kiessling
1057 4007 1143 4066 reete
1164 4021 1294 4067 monue-

312 4159 397 4218 runt.
433 4153 504 4229 Qua
526 4175 601 4218 vero
624 4153 747 4218 ratione
771 4153 885 4217 laeuna
907 4151 1065 4236 explenda
1088 4152 1160 4214 est?
1184 4149 1294 4216 Kiess-

313 4305 382 4388 ling
416 4302 496 4367 duee
519 4301 652 4366 Reiskio
674 4301 877 4365 inserendum
898 4306 990 4387 putat
1013 4300 1066 4363 οὐκ
1086 4295 1123 4362 ίον
1142 4302 1295 4379 Φθίινοντε
