3276 5188
770 635 807 696 31

304 865 356 926 καὶ
379 858 427 926 ἵνα
450 867 495 942 μὴ
516 859 679 936 ἐξαπατᾶν
698 861 782 936 ὑμᾶς
795 853 887 932 αὖθις
899 857 1017 938 δοκῆτε,
1032 865 1091 925 aet.
1103 858 1190 924 Fieri
1201 860 1286 923 enim

302 1012 407 1099 potuit
441 1015 478 1074 ut
507 1009 611 1075 sariba
644 1008 832 1074 adverbium
854 1002 972 1071 ἕνεκα
994 1015 1124 1095 propter
1151 1028 1286 1092 sequens

301 1163 355 1224 καὶ
378 1151 428 1244 ἵνα
452 1157 713 1244 praetermiserit.
737 1155 801 1222 Sed
822 1157 904 1222 nihil
925 1179 984 1244 pro
1007 1163 1094 1222 certo
1117 1156 1251 1222 affirmo.

346 1310 416 1375 Lib.
452 1308 512 1373 VI.
547 1330 573 1374 ο.
608 1310 660 1372 93.
692 1306 846 1372 exhibent
868 1307 1006 1372 codices:
1031 1344 1074 1356 --
1097 1308 1165 1385 περὶ
1190 1303 1284 1369 αὐτὸν

302 1459 390 1539 ὁρῶσι
427 1463 544 1538 νεκρούς
581 1480 616 1520 τε
647 1455 802 1534 κειμένους
825 1456 958 1528 πολλοὺς
982 1459 1035 1520 καὶ
1058 1453 1286 1533 ἡμιθανεῖς.

302 1607 367 1672 Pro
401 1608 515 1672 ultimo
547 1605 702 1671 vocabulo
733 1606 891 1670 substituo
922 1604 1098 1682 ἡμιθνῆτας
1142 1603 1289 1669 Verbum

301 1756 437 1840 codicis,
473 1756 500 1820 si
532 1759 619 1821 reate
650 1753 801 1838 memini,
836 1774 901 1817 non
934 1753 996 1817 nisi
1018 1752 1078 1818 hoa
1100 1752 1194 1817 unieo
1217 1752 1287 1817 loeo

305 1905 392 1992 apud
425 1904 520 1970 Dion.
555 1903 715 1987 oaaurrit3
737 1900 868 1979 ἡμιθνής
890 1923 966 1967 vero
989 1903 1019 1967 ei
1041 1902 1195 1967 usitatum
1219 1922 1288 1967 asse

304 2056 355 2120 vel
377 2076 419 2121 ex
440 2055 527 2120 hisae
548 2055 704 2141 exemplis
725 2053 914 2141 apparebit:
939 2053 1011 2119 Lib.
1035 2051 1101 2118 III.
1125 2075 1153 2118 ο.
1166 2053 1286 2120 20.fin.

309 2209 363 2267 καὶ
397 2202 482 2282 μετα
514 2209 619 2270 τοῦτον
654 2206 705 2268 ἐπὶ
738 2203 790 2269 τὸν
818 2209 997 2268 τελευταῖον
1021 2203 1174 2280 ὠσάμενος
1196 2203 1288 2279 ἧμι-

304 2357 437 2435 θνῆτα
472 2392 513 2402 -
543 2354 828 2435 ε’πικατασφάττει.
854 2351 927 2417 Lib.
950 2352 1011 2418 IV.
1035 2373 1061 2416 c.
1086 2355 1116 2416 4.
1140 2353 1170 2414 ἐν
1193 2345 1214 2432 ᾧ
1236 2351 1288 2416 τὸν
1338 2357 1341 2362 ’

304 2501 470 2583 Ταρκύνιον
504 2503 740 2581 ἡμιθνῆτα
775 2501 901 2568 ἔθεσαν.
935 2500 1141 2567 ΙιίῙ).”ἯΙΙ.
1173 2523 1200 2567 ο.
1235 2503 1286 2566 86.

305 2648 534 2726 σκυλεύσαντες
565 2649 597 2714 δὲ
630 2649 701 2724 τοὺς
730 2653 791 2716 τῶν
823 2649 977 2728 πολεμίων
1000 2647 1118 2729 νεκροὺς
1140 2652 1194 2713 καὶ
1216 2648 1287 2724 τοὺς

304 2801 547 2882 ἡμιθνῆτας.
573 2801 645 2867 Lib.
669 2800 769 2866 VIII.
792 2822 819 2866 a.
843 2803 895 2865 89.
916 2795 968 2863 arti
994 2799 1221 2877 ἡμιθνῆτες
1241 2796 1286 2862 ἔτι

304 2949 431 3026 πλείους
453 2949 513 3014 τῶν
536 2955 655 3030 νεκρῶν.
678 2948 744 3012 κτὲ.
823 2985 825 2990 -

351 3101 392 3165 In
417 3100 528 3166 eodem
551 3101 655 3186 capite
678 3101 773 3187 paulo
794 3098 879 3164 infra
900 3101 945 3164 sia
958 3101 1189 3185 scriptumest:
1202 3098 1287 3176 μετα

306 3253 395 3314 τοῦτο
418 3285 462 3299 —-
485 3247 614 3329 ἐχώρουν
634 3285 676 3296 -
697 3245 747 3310 ἐπὶ
766 3245 838 3322 τοὺς
857 3244 902 3310 ἔτι
921 3245 1121 3324 διαμένοντας
1141 3249 1170 3311 ἐν
1188 3248 1287 3326 τάξει,

313 3397 480 3472 κτείνοντες
499 3395 569 3468 τοὺς
588 3395 817 3479 ὑφισταμένους
836 3399 889 3460 καὶ
906 3392 1004 3474 ὥσπερ
1023 3395 1291 3475 ἀνδραπόδοις

312 3545 559 3627 παραχρώμενοι.
593 3545 718 3610 UItima
750 3545 849 3611 verba
882 3545 962 3610 mihi
994 3566 1057 3610 non
1086 3547 1224 3634 placent.
1240 3505 1243 3510 Δ
1257 3547 1292 3611 Si

308 3696 401 3760 multi
423 3695 531 3761 hostes
551 3715 616 3760 uno
639 3699 782 3781 tempore
805 3695 1040 3761 interficiuntur
1062 3702 1170 3762 noster
1192 3695 1288 3760 dicit:

313 3842 476 3924 προβάτων
510 3842 593 3916 δίκην
615 3845 655 3908 ef.
677 3843 750 3908 Lib.
773 3843 853 3909 VII.
877 3866 903 3910 ο.
929 3847 979 3911 11.
1000 3844 1072 3920 τοὺς
1094 3845 1151 3922 μὲν
1174 3841 1290 3920 ἄλλους

311 4049 354 4060 -
389 4011 553 4092 προβάτου
587 4011 670 4085 δίκην
707 4011 923 4095 κατέσφαξαν.
959 4015 1006 4080 Ut
1031 4018 1194 4101 ικααοομοο
1217 4039 1292 4084 vero
1356 4074 1360 4078 .

314 4170 494 4230 tractantur
535 4169 567 4229 et
600 4162 776 4228 caeduntur
810 4164 927 4249 privati
960 4163 1104 4229 homines
1137 4167 1229 4252 pravi
1262 4172 1294 4233 at

315 4313 456 4380 seditiosi
478 4320 510 4379 et
532 4315 555 4380 ii
579 4313 694 4400 quibus
717 4315 1154 4402 potentioresvimafferunt3
1167 4317 1302 4404 patroni
