3276 5188
839 669 877 730 12

362 890 548 955 memoriam
569 891 706 976 fugerit,
731 912 825 976 cogor
844 893 1035 959 vocabulum
1051 893 1260 981 depravatum
1272 917 1345 962 anu·

364 1039 436 1103 tiori
457 1039 586 1124 ingenio
607 1040 841 1106 emendandum
862 1043 1050 1130 relinquere.

409 1188 481 1254 Lib.
518 1191 578 1256 IV.
614 1212 639 1259 c.
676 1194 717 1256 59
746 1197 802 1272 τὴν
826 1191 857 1256 δὲ
880 1194 942 1256 τῶν
966 1194 1045 1255 ναῶν
1072 1194 1268 1268 κατασκευὴν
1294 1194 1347 1259 νῦν

366 1335 451 1420 ἔφθη
475 1338 613 1405 τελέσαι.
637 1339 709 1406 Etsi
730 1341 816 1430 apud
838 1349 962 1442 veteres
986 1343 1111 1409 Atticos
1130 1345 1185 1410 lex
1204 1351 1292 1410 certa
1304 1345 1344 1410 sit

367 1493 400 1552 et
423 1493 571 1555 constans
593 1490 727 1555 verbum
750 1488 884 1572 Φθιὶνειν
907 1513 980 1557 cum
1003 1493 1170 1580 participio
1189 1495 1346 1577 construi,

367 1639 500 1705 seriores
534 1640 617 1706 inter
649 1661 728 1727 quos
764 1640 952 1729 Dionysium
975 1643 1133 1708 infinitivo
1155 1644 1280 1730 saepius
1304 1645 1352 1708 uti

368 1790 445 1854 satis
477 1790 573 1875 longa
603 1790 700 1855 series
722 1792 941 1876 exemplorum
964 1791 1091 1875 firmat,
1115 1813 1219 1878 noque
1240 1798 1349 1860 nostro

365 1939 433 2003 loco
456 1939 633 2004 infinitivus
655 1940 822 2028 participio
845 1939 936 2004 cedat
961 1962 1089 2006 necesse
1112 1947 1169 2006 est.

413 2086 485 2152 Lib.
520 2087 580 2153 lv.
611 2110 637 2152 c.
663 2091 715 2152 62.
738 2095 849 2154 narrat
872 2095 983 2156 auctor
1005 2110 1073 2155 rem
1096 2090 1257 2176 publicam
1280 2098 1352 2179 post

368 2256 458 2321 reges
492 2243 621 2302 exactos
654 2237 858 2304 nobilissimis
888 2239 964 2303 viris
987 2238 1217 2325 Sibyllinorum
1240 2261 1350 2306 oracu-

370 2387 473 2451 lorum
513 2386 689 2452 custodiam
731 2389 944 2471 commisisse,
986 2377 1012 2452 oi
1046 2386 1096 2450 διὰ
1131 2386 1200 2464 βίον
1234 2391 1351 2463 ταύτην

370 2532 511 2616 ἔχουσι
544 2536 599 2610 τὴν
634 2535 814 2615 ἐπιμέλειαν
845 2541 1009 2617 στρατειῶν
1032 2537 1194 2620 ἀφειμένοι
1217 2541 1270 2602 καὶ
1293 2543 1352 2603 τῶν

370 2689 476 2749 ἄλλων
499 2685 583 2750 κατα
606 2691 662 2768 τὴν
687 2693 773 2752 πόλιν
797 2691 1032 2766 πραγματειῶν.
1057 2688 1215 2754 imovero
1233 2681 1350 2765 ἕξουσι,

371 2839 427 2923 qui
463 2837 677 2922 firnqereotur
709 2857 765 2924 per
788 2843 889 2901 totam
912 2838 1022 2902 vitam.
1046 2837 1223 2902 Levissimo
1246 2843 1354 2902 autem

370 3008 476 3052 erroro
506 2993 659 3054 ΕΞΟΤΟΙ
689 2988 722 3052 in
746 2992 902 3054 ΕΧΟΥΟΙ
927 2987 1015 3055 abire
1039 2987 1180 3074 potuisse
1204 2987 1352 3052 manifes-

371 3142 441 3201 tum
464 3143 521 3201 est.
546 3137 631 3201 Satis
654 3137 715 3201 erit
738 3158 838 3200 unum
852 3136 1036 3222 exemplum
1049 3134 1162 3200 afferre
1174 3134 1215 3199 ad
1226 3135 1354 3200 demon-

371 3285 538 3350 strandum
572 3285 667 3350 Dion.
703 3285 846 3349 omnium
870 3283 1066 3348 Graecorum
1089 3282 1351 3349 consuetudinem

373 3456 436 3500 non
469 3435 666 3521 neglexisse3
699 3435 820 3520 inspice
843 3433 922 3499 mihi
944 3433 1087 3517 ejusdem
1109 3431 1182 3497 libri
1207 3454 1275 3518 cap.
1303 3433 1354 3496 74.

371 3584 426 3650 ubi
458 3585 613 3669 legimus:
636 3583 722 3662 ἱερῶν
744 3580 973 3647 (ἐπιδεικνύσθω
996 3605 1044 3655 τις
1067 3577 1232 3658 βασιλεὺς,
1257 3580 1270 3644 ὁ
1294 3578 1349 3654 τὴν

372 3738 465 3814 τιμὴν
489 3736 607 3806 ταύτην
630 3727 704 3810 ἕξειν
727 3732 778 3796 δια
801 3731 881 3810 βίον.

418 3883 458 3948 In
479 3907 518 3950 oa
539 3906 621 3970 quae
645 3885 754 3949 statim
777 3889 953 3970 sequuntur
966 3885 1049 3968 (cap.
1064 3884 1118 3966 74)
1126 3881 1202 3966 jure
1215 3879 1356 3945 Simonis

374 4041 407 4100 ct
429 4057 502 4099 cum
524 4055 561 4100 eo
584 4034 748 4119 Kiessling
771 4040 843 4120 post
854 4039 1025 4110 πολεμικῆς
1037 4032 1172 4097 inseruit
1185 4035 1356 4104 πολιτικῆς.

376 4185 460 4271 Regi
494 4184 578 4282 enim
609 4205 788 4268 sacrorum,
812 4189 848 4249 ut
870 4205 913 4248 ex
935 4184 1039 4272 capite
1063 4185 1114 4246 62.
1140 4202 1237 4267 supra
1261 4181 1359 4245 citato

377 4334 554 4400 luculenter
587 4340 737 4423 apparet,
772 4355 836 4398 non
869 4335 971 4398 solum
1007 4331 1126 4396 bellum
1161 4350 1271 4414 gerere
1295 4349 1359 4392 non
