3276 5188
754 642 792 703 21

277 888 346 928 τνννν
382 873 438 947 τῆ,Ι
469 866 612 946 πνιτρνῖν,1
647 873 683 932 ut
710 889 855 954 pugnans
878 889 950 931 eum
975 887 1089 952 graeco
1114 886 1258 932 sermone

281 1020 400 1081 temere
421 1017 600 1098 rejiciamus
635 1017 704 1081 Neo
726 1016 897 1101 quiequam
918 1013 1108 1078 mutandum
1130 1017 1208 1098 puto
1228 1012 1261 1076 in

279 1164 318 1228 iis
339 1185 421 1250 quae
443 1187 518 1229 mox
541 1171 733 1251 sequuntur:
757 1165 936 1227 τελευταῖον
960 1159 991 1225 δὲ
1015 1164 1076 1223 τῶν
1100 1157 1259 1239 εἰρημένων

278 1311 393 1386 οὐδενὸς
416 1311 515 1393 ἑτέρον
538 1313 668 1394 Φητνιντ’
689 1309 728 1376 ἂν
747 1307 823 1377 strar
837 1314 1114 1386 πλεονεκτημάτων
1131 1306 1262 1373 ἔλαττον

278 1499 319 1508 -
340 1461 375 1525 τὸ
398 1459 442 1538 μὶν
466 1467 595 1524 τνναῡτνν
615 1460 687 1538 ημῖν
710 1460 912 1533 ἀπηντῆσθαι
930 1457 1016 1539 παρὰ
1032 1460 1093 1520 τῶν
1106 1455 1261 1533 πολεμίων

280 1603 329 1674 eie
365 1608 577 1687 ὑπελάβομεν.
615 1609 688 1674 Non
717 1610 802 1673 enim
825 1608 1002 1674 necessario
1026 1606 1200 1694 requiritur
1224 1610 1261 1670 ut

278 1780 350 1823 eum
384 1758 580 1844 Kieeelingie
612 1764 723 1823 eontra
756 1757 900 1822 codicum
934 1757 1030 1821 fidem
1069 1752 1155 1833 παρὰ
1191 1759 1263 1839 post

278 1903 477 1986 ἀπηντῆσθαι
501 1927 724 1994 expungamus
747 1905 921 1970 substituto
940 1927 998 1991 pro
1010 1927 1047 1970 ee
1059 1905 1193 1970 articulo
1204 1901 1258 1967 τνὶ.
1290 1894 1295 1902 ’

322 2055 489 2120 Assentior
511 2076 586 2120 vero
605 2055 800 2141 Kiesslingie
812 2055 986 2140 suspicanti
997 2054 1148 2119 mendum
1159 2056 1260 2119 latere

278 2205 350 2269 Lib.
387 2204 448 2269 VI.
484 2225 510 2268 e.
548 2207 597 2269 10.
631 2204 687 2269 ubi
719 2203 799 2268 haee
823 2201 1038 2288 leguntureir
1062 2199 1093 2264 δὲ
1116 2198 1196 2265 πολὺ
1222 2200 1256 2266 τὸ

279 2357 453 2432 πνράλνννν
487 2351 670 2435 ἀμφοτέροις
705 2359 762 2434 τῆς
784 2351 883 2428 δόξης·
915 2350 1060 2431 οὐδέτερον
1084 2349 1147 2431 γὰρ
1172 2347 1259 2415 ἐλπί-

277 2523 387 2575 σαντες
416 2507 525 2584 μάχη,1
548 2500 664 2576 interm
687 2498 812 2581 σφίσιν,
839 2506 898 2565 net.
924 2500 1050 2566 Dubius
1074 2500 1185 2566 haeret
1208 2501 1257 2564 vir

282 2651 363 2715 doct.
398 2673 475 2715 num
508 2651 590 2716 forte
623 2671 680 2736 pro
710 2650 748 2724 ὡς
775 2648 806 2713 δὲ
831 2651 945 2714 melius
969 2651 1010 2714 eit
1035 2643 1068 2722 ἦν
1092 2647 1133 2712 δὲ.
1162 2649 1262 2736 Equi·

279 2799 351 2864 dem
384 2801 473 2886 impf.
507 2799 596 2864 verbi
631 2792 708 2861 εἶναι
742 2798 826 2884 qued
859 2819 966 2863 carere
1001 2818 1064 2863 non
1089 2819 1256 2883 possumus

278 2915 437 3035 posuerim
456 2954 530 3033 poet
552 2945 658 3023 δόξης,
682 2968 741 3012 nee
761 2947 974 3033 expunxerim
993 2946 1031 3028 ὧν
1044 2946 1128 3033 qued
1140 2948 1259 3034 optime
1342 3031 1344 3036 ,

277 3099 412 3162 refertur
434 3097 630 3183 adsequens
654 3095 752 3160 οὐκέτι
777 3095 818 3160 δὲ.
844 3095 916 3161 Hoe
936 3097 1021 3161 enim
1040 3097 1117 3162 dicit
1128 3102 1255 3163 auctor:

278 3268 375 3332 quum
408 3255 514 3311 autem
546 3252 694 3330 utrosque
729 3247 821 3331 tenne
855 3266 915 3310 sua
947 3246 1117 3330 fefellisset
1153 3249 1261 3332 epieto

277 3418 339 3460 ννοη
362 3396 502 3480 amptius
524 3395 560 3457 iu
585 3394 722 3460 hostium
744 3395 919 3478 formidine
936 3396 1054 3460 salutis
1066 3404 1096 3462 et
1107 3398 1259 3462 uictoriae

275 3566 359 3628 spem
392 3546 532 3628 positam
555 3565 619 3608 esse
643 3545 869 3627 enistimanteS,
894 3551 1040 3609 strenuos
1058 3553 1258 3630 puqmtores

279 3715 310 3758 se
328 3694 573 3777 praestiterunt.

322 3841 475 3907 Similiter
498 3841 620 3907 mendis
642 3841 788 3906 laborare
808 3842 958 3906 videntur
977 3841 1077 3907 verbe
1101 3841 1260 3909 Postumii

277 3977 439 4056 dictatoris
476 3990 561 4074 (Lib.
598 3990 659 4055 VI.
691 4011 718 4054 c.
750 3992 795 4074 9.)
829 3990 944 4075 quibus
975 3991 1097 4055 enimes
1120 3991 1259 4056 militum

277 4161 394 4226 augere
414 4146 556 4205 conetur.
577 4139 692 4204 Nonne
712 4145 805 4224 turpe
824 4144 890 4222 eet,
906 4138 1027 4226 inquit,
1040 4160 1131 4205 senes
1142 4140 1258 4226 quibus

277 4289 359 4352 vires
394 4287 434 4352 eri
470 4287 577 4351 hostes
611 4284 785 4350 caedendos
819 4308 883 4350 non
906 4288 1042 4374 emplius
1066 4294 1261 4375 suppetent,
