3276 5188
861 601 879 659 4

376 824 461 890 κοντοὶ
490 823 659 889 θάλατταν
682 821 847 904 δυναστείᾳ
875 823 1153 902 τεροονοιάζουοκν,
1179 823 1259 898 τίνες
1283 817 1365 896 οἷσιν

375 975 402 1040 οἱ
434 1009 476 1022 -
505 971 689 1045 ποιήσοντες
711 969 807 1042 absin
830 969 903 1046 ὑμῖν
928 969 1070 1044 ὑπήκοον.
1096 971 1240 1056 Gonjieio
1263 975 1367 1058 igitur

379 1131 510 1212 propter
544 1121 784 1186 similitudinem
817 1121 987 1185 verborum
1018 1122 1155 1185 alterum
1185 1123 1219 1186 in
1250 1122 1367 1186 deseri·

379 1275 483 1340 bendo
512 1273 669 1338 excidisse
697 1279 730 1336 et
755 1271 926 1356 legendum
949 1293 1018 1336 esse
1040 1271 1170 1354 detexuit
1193 1297 1228 1336 τε
1251 1269 1364 1346 ὁπόσην

377 1423 404 1488 οἱ
428 1421 613 1499 sturme,-
637 1421 817 1493 ἐκτήσαντο.
840 1420 880 1485 In
902 1423 942 1485 iis
963 1445 1046 1508 quse
1064 1426 1173 1488 stetim
1185 1431 1364 1510 sequuntur

378 1573 502 1658 eorrigo
535 1569 566 1632 si
597 1593 668 1633 rava
701 1571 737 1634 in
768 1564 885 1642 drea,
921 1571 1006 1656 quod
1035 1575 1138 1660 msgis
1168 1597 1242 1639 eum
1264 1575 1364 1640 totius

377 1742 488 1786 sensus
511 1725 666 1784 eontextn
689 1720 854 1804 eongruit,
874 1739 933 1782 nee
951 1720 1252 1809 dubitandumqnin
1264 1747 1364 1811 pepu-

378 1873 429 1936 lus
461 1870 687 1936 celeberrimus
720 1871 859 1954 plurimu
892 1870 1034 1936 facinore
1063 1881 1241 1937 memoratu
1266 1873 1364 1958 digne

375 2020 519 2088 ediderit.

421 2171 494 2235 Lib.
517 2170 545 2234 I.
569 2191 596 2235 e.
619 2171 671 2234 32.
697 2171 749 2230 ἐπὶ
770 2175 823 2230 τοῖν
840 2165 997 2248 μειρακίου
1015 2167 1066 2231 τὸν
1086 2167 1179 2232 τόπον
1202 2169 1360 2245 ἓοομάσοιο.

377 2322 578 2408 Praepositio
611 2320 675 2384 oiri
709 2341 806 2405 quem
837 2319 894 2382 teli
924 2319 958 2381 in
980 2339 1015 2382 re
1037 2317 1138 2382 Attici
1161 2320 1360 2404 requirerent

374 2470 468 2534 facile
501 2467 630 2555 quidem
663 2469 698 2532 in
733 2471 785 2530 ἐπὶ
820 2467 909 2531 ubire
939 2467 1064 2550 petuit5
1087 2473 1155 2530 tem
1177 2467 1361 2552 frequenter

373 2625 482 2683 tamen
510 2617 596 2704 apud
617 2617 762 2681 nostrum
785 2617 836 2699 (ut
858 2613 944 2701 apud
966 2613 1168 2680 Herodotum
1188 2617 1228 2682 ef.
1254 2614 1282 2680 I.
1308 2620 1359 2680 17.

374 2767 422 2831 ΙΙ.
446 2769 498 2831 57.
523 2768 622 2853 pass.)
645 2767 699 2827 ἐοή
723 2786 796 2829 eum
819 2764 925 2829 verbis
943 2765 1129 2829 nominandi
1151 2766 1357 2850 conjunctum

374 2917 561 2981 invenient
583 2915 727 2980 dubitem
749 2914 897 2978 omnibns
920 2914 970 2978 his
992 2915 1069 2979 loeis
1089 2915 1233 2980 eodieum
1251 2916 1359 2980 lectio-

373 3087 448 3130 nem
469 3070 605 3128 mutare.

419 3211 491 3275 Lib.
512 3209 541 3274 I.
561 3231 588 3274 c.
608 3213 650 3274 38
677 3215 733 3289 τὴν
752 3207 783 3272 δὲ
804 3207 908 3288 χώραν
920 3208 1037 3281 ταύτην
1050 3210 1183 3289 δρῶντος
1202 3209 1357 3276 ἔκπλεω

375 3366 477 3433 πάσης
501 3359 643 3439 εὐπορίας
663 3362 716 3422 κοιὶ
736 3363 873 3438 χάριτος,
892 3359 958 3424 Ρνο
969 3357 1088 3423 ἔκπλεω
1101 3383 1220 3448 repono
1230 3360 1357 3438 ἔμπλεον

374 3515 412 3574 ui
434 3530 503 3596 cap.
527 3530 632 3596 praee.
655 3508 732 3572 ἀλλ’
756 3546 799 3557 -
823 3513 925 3584 πάσης
947 3508 1050 3583 ἡδονῆς
1072 3534 1107 3573 τε
1131 3509 1183 3573 uui
1204 3511 1358 3591 ὥφελείοος

377 3656 545 3738 ἔμπλεως,
570 3660 626 3724 ubi
648 3661 746 3725 miror
765 3660 997 3747 Kiesslingium
1015 3662 1180 3746 vulgatum
1190 3662 1359 3726 lectionem

377 3816 519 3885 mutasse
548 3809 770 3876 substituendo
792 3831 834 3876 ex
856 3810 924 3876 eod.
944 3810 1096 3911 Chisiuno
1114 3809 1253 3884 ἔκπλεως
1275 3810 1360 3896 quod

375 3959 584 4043 vocabulum,
606 3959 641 4024 ni
662 3960 773 4044 fallor,
797 3966 918 4024 eertum
938 3959 1044 4024 sedem
1062 3959 1160 4023 habet
1172 3960 1358 4025 innumeris

376 4109 625 4193 constituendis,
664 4116 700 4174 ut
734 4109 818 4175 Xen.
854 4110 930 4196 Cyn.
964 4109 1026 4174 VI.
1055 4130 1082 4172 e.
1119 4111 1169 4172 17.
1194 4107 1220 4172 οἱ
1242 4107 1358 4187 neme

377 4256 502 4342 ἔκπλεῳ
524 4255 577 4332 ἤδη
600 4251 678 4330 ἦοοιν
700 4258 744 4332 εἷς
763 4257 834 4333 τοὺς
856 4259 988 4340 μυρίους.
