3276 5188
742 651 761 712 3

264 871 349 954 (Lib.
375 871 402 936 I.
429 893 454 936 c.
480 875 547 957 94.)
572 881 832 940 commemoraret
858 875 963 961 ipsum
986 895 1094 960 regem
1107 873 1199 960 Atyn
1214 895 1247 938 se

263 1019 420 1086 addidisse
452 1021 491 1086 iis
523 1023 578 1107 qui
609 1024 643 1086 in
664 1023 791 1088 sedibus
814 1025 879 1088 suis
897 1030 1063 1089 manerent
1100 1030 1132 1089 et
1164 1023 1246 1111 Tyr·

265 1169 401 1234 rhenum
417 1170 523 1238 'filium
542 1193 636 1236 snum
652 1173 841 1258 praefecisse
852 1173 914 1238 illis
926 1174 981 1259 qui
993 1173 1249 1260 commigrarent,

267 1319 443 1406 Dionysius
465 1321 549 1386 mele
572 1323 732 1407 excerpsit
756 1321 875 1387 faciens
898 1343 972 1388 eum
995 1323 1154 1388 dicentem
1172 1323 1250 1387 alte·

266 1493 336 1536 ram
369 1471 497 1556 quidem
528 1472 638 1558 populi
660 1478 785 1557 partem
808 1471 996 1558 Tyrrheno,
1020 1473 1155 1538 alteram
1177 1493 1253 1537 vero

267 1620 301 1684 in
324 1621 428 1706 Lydis
450 1627 633 1686 manentem
656 1619 768 1706 Lydo,
791 1621 883 1686 alteri
908 1621 993 1714 regis
1011 1622 1077 1686 filio
1096 1623 1173 1705 (non
1192 1621 1258 1708 ipsi,
1338 1719 1339 1722 Ἴ

269 1771 351 1855 regi)
374 1770 548 1836 obvenisse.

313 1921 385 1986 Lib.
410 1921 436 1984 I.
461 1941 487 1984 c.
508 1923 560 1985 30.
585 1917 691 1993 πόλεις
714 1918 745 1982 δὲ
768 1913 898 1993 ἅστινας
920 1915 1033 1998 ᾤκισαν
1052 1917 1078 1984 οἱ
1098 1924 1255 1999 Τνομονοὶ,

270 2067 322 2134 καὶ
371 2065 609 2144 πολιτευμάτων
651 2063 792 2138 οὕστινας
836 2065 1068 2142 κατεστήσαντο
1104 2070 1255 2146 κόσμους,

245 2219 401 2296 ,δύναμίν
425 2244 460 2284 τε
479 2219 593 2292 ὁπόσην
614 2219 648 2284 οἱ
667 2216 910 2309 σύμπαντες
933 2220 988 2281 καὶ
1008 2213 1085 2297 ἔργα
1108 2214 1144 2280 εἴ
1166 2239 1258 2280 τινα

276 2369 400 2446 μνήμης
438 2365 514 2446 ἄξια
546 2369 748 2449 διεπράξαντο
779 2410 821 2420 -
857 2370 887 2435 ἒν
925 2369 1013 2451 ἑτέρῳ
1051 2365 1267 2444 δηλωθήσεται

275 2513 369 2599 λόγῳ.
400 2517 476 2584 dam
498 2519 548 2583 vir
574 2518 655 2584 doct.
681 2492 722 2583 A.
748 2518 792 2585 H.
818 2517 936 2585 Garrer
949 2519 980 2603 *)
1002 2524 1089 2584 recte
1113 2517 1260 2583 observe-

276 2667 323 2731 vit
357 2667 410 2731 hic
446 2666 554 2732 deesse
591 2667 726 2733 verbnm
759 2669 850 2753 cujus
881 2668 1042 2752 objectum
1064 2674 1112 2733 est
1134 2663 1263 2745 δύναμιν

277 2815 390 2890 ὁσόσνν
431 2823 463 2882 et
497 2837 570 2881 cum
604 2838 641 2884 eo
675 2823 750 2883 ante
785 2820 839 2881 καὶ
872 2815 957 2896 ἔργα
985 2819 1091 2884 insero
1128 2815 1263 2882 verbum

278 2971 543 3032 EKTHOANTO
587 2965 671 3051 qnod
716 2967 804 3031 haud
844 2968 891 3032 its
929 2967 1069 3032 multum
1105 2965 1212 3031 differt
1243 2985 1264 3028 a

278 3121 602 3187 OIGTMHANTEO.
623 3115 713 3180 Nihil
732 3121 840 3180 temen
861 3121 909 3180 est
929 3115 1012 3201 quod
1028 3114 1055 3179 οἱ
1078 3072 1263 3192 σύμπαντες

279 3275 354 3334 ente
377 3266 546 3340 ἐκτήσαντο
572 3285 815 3352 expungemus3
838 3265 957 3351 optime
977 3264 1264 3328 enimnostreloco

279 3419 416 3483 dicitur:
448 3421 602 3501 quantam
624 3415 800 3500 potentiam
823 3415 967 3478 universi
991 3414 1025 3496 (i.
1048 3434 1075 3478 c.
1100 3409 1265 3477 duodecim

281 3568 427 3633 civitates
455 3565 710 3652 Tyrrhenorum)
733 3563 914 3629 habuerint.
938 3562 1029 3629 Ocni.
1054 3562 1126 3627 Lib.
1151 3561 1212 3628 VI.
1237 3582 1264 3627 e.

284 3720 335 3781 75.
368 3714 458 3780 erre
492 3713 661 3793 Τνροννίαν
692 3707 822 3776 σ’έσασαν
853 3712 897 3786 εἰς
926 3709 1042 3776 δώδεκα
1065 3709 1268 3790 νενεμημένην

285 3865 453 3943 ἡγεμονίας
488 3868 542 3927 καὶ
570 3871 671 3944 πολλῇ
697 3862 754 3942 μὲν
777 3871 816 3944 τῇ
839 3861 924 3926 κατα
947 3867 1028 3943 γῆν,
1052 3868 1154 3943 πολλῇ
1177 3859 1208 3925 δὲ
1230 3868 1270 3942 τῇ

318 4219 346 4284 ⁴³)
373 4220 403 4270 cf.
430 4220 461 4269 A.
487 4219 519 4270 H.
545 4219 643 4268 Garrer.
662 4218 851 4270 Observationes
867 4217 898 4269 sd
915 4217 987 4268 Dion.
1005 4217 1086 4269 Helie.
1104 4217 1275 4282 Antiquitstes

284 4347 413 4398 Romanas.
430 4345 513 4412 Lugd.
531 4345 585 4396 Bet.
604 4347 675 4398 1877.
