3276 5188
835 643 876 704 64

360 865 577 931 additamento
624 865 722 930 stulte
759 864 984 951 redarguisset.
1022 867 1210 953 Legendum
1245 870 1344 954 igitur

361 1032 474 1077 censeo
498 1012 537 1086 τίς
559 1009 628 1076 οὐκ
651 1011 704 1076 iri
727 1011 811 1093 κακῷ
836 1013 901 1079 xri.

399 1159 472 1224 Lib.
508 1159 585 1226 XX.
619 1183 646 1226 c.
682 1163 712 1227 6.
736 1161 868 1245 (Kieasl.
894 1162 955 1228 IV.
979 1186 1011 1250 p.
1038 1167 1127 1249 268.)
1152 1163 1191 1229 de
1214 1164 1346 1230 Bruttia

358 1311 428 1396 pice
463 1311 508 1375 eic
538 1309 666 1375 editur:
700 1309 718 1383 ἡ
749 1309 780 1374 δὲ
813 1311 947 1385 σλείσσν
971 1313 1025 1378 καί
1047 1311 1180 1388 σνσσσίτη
1205 1336 1345 1394 πανουρ-

357 1466 463 1536 γείσαν
487 1463 541 1523 καί
566 1457 698 1540 παρέχει
723 1465 832 1526 πασῶν
855 1457 893 1525 ὧν
916 1459 1005 1540 ίσαεν
1029 1461 1342 1540 ἧμείςεύωδεστσίτνν

357 1630 393 1670 σε
413 1611 467 1670 καί
486 1607 752 1686 γλυκυτάτην
776 1613 831 1690 τὴν
851 1608 1042 1688 καλουμένην
1054 1587 1203 1690 Βρεττίαν
1214 1611 1341 1678 πίσσαν.
1417 1617 1419 1620 ’

354 1757 544 1844 Suspectum
566 1759 645 1824 mihi
667 1765 716 1824 eet
738 1764 950 1835 γλυκυτάτην.
974 1760 1124 1826 Fortasse
1147 1761 1341 1827 substituen-

354 1907 430 1972 dum
475 1909 804 1989 νλισχρσσνίσνν,
852 1869 1080 1994 lectissimam,
1118 1911 1203 1998 quod
1237 1913 1339 1977 multo

353 2060 456 2145 magia
493 2080 566 2125 cum
589 2061 658 2146 pice
681 2061 850 2126 convenire
872 2061 951 2126 mihi
974 2059 1103 2146 quidem
1126 2059 1263 2125 videtur.
1288 2058 1338 2125 Of.

353 2207 439 2294 quod
460 2207 585 2273 Plinius
608 2207 647 2274 de
668 2209 799 2274 Bruttia
821 2210 891 2296 pice
914 2215 1051 2274 testatur
1071 2209 1160 2273 Hist.
1174 2208 1251 2273 Nat.
1264 2208 1337 2272 Lib.

351 2355 446 2422 XVI.
484 2361 544 2422 ll:
580 2357 710 2422 Bruttia
738 2358 796 2443 pix
820 2359 938 2422 lectore
961 2357 1002 2422 ab
1025 2358 1089 2422 alia
1112 2358 1182 2444 pice
1207 2357 1336 2440 differt3

350 2504 491 2571 sednon
512 2527 570 2591 pro
593 2512 679 2571 certo
700 2505 825 2572 affirmo
848 2505 991 2586 codicum
1013 2505 1182 2570 lectionem
1205 2504 1336 2569 mendo·

352 2676 420 2720 sam
443 2676 522 2720 esse.

395 2802 467 2868 Lib.
492 2801 569 2868 XX.
593 2824 620 2867 c.
647 2807 677 2867 9.
702 2802 834 2886 (Kiessl.
857 2802 918 2868 IV.
943 2825 973 2890 p.
1000 2802 1089 2886 269.)
1109 2803 1191 2867 latro
1204 2801 1334 2888 quidam

350 2951 476 3018 Samnis
509 2953 545 3018 τὸ
579 2952 636 3030 μὲν
669 2955 787 3032 πρῶτον
822 2951 874 3014 ἐπί
896 2957 960 3026 ταῖς
983 2949 1077 3031 ίρεσιν
1099 2955 1256 3031 ἄγραυλσν
1278 2952 1332 3015 καί

349 3100 491 3179 μείονα
526 3100 577 3167 σίν
605 3100 673 3179 βίον
698 3104 793 3183 εἶχεν·
820 3103 887 3165 ἐπεί
910 3100 941 3164 δὲ
966 3106 1072 3165 πλεῖον
1096 3098 1149 3174 iae
1173 3104 1227 3165 καί
1249 3095 1333 3176 σίξιί-

349 3273 455 3330 μαχον
479 3248 572 3315 ἐδόκει
591 3249 773 3331 γενονέναι,
796 3249 885 3314 σίλνν
899 3249 1012 3330 ἐχυρὰν
1026 3246 1329 3330 καταλαμβάνεται,

348 3399 412 3465 uri.
443 3399 483 3464 In
513 3400 600 3466 hisce
621 3400 729 3478 μείονα
750 3401 802 3466 τὸν
824 3398 892 3478 βίον
915 3400 1119 3466 emendatum
1141 3399 1267 3466 videtur
1289 3419 1331 3462 ex

346 3547 489 3614 πλείονα
509 3548 560 3614 σὸν
594 3547 661 3626 βίον
696 3548 781 3636 quod
814 3549 887 3614 libri
918 3548 994 3613 dant
1018 3547 1073 3612 aad
1094 3567 1198 3632 neque
1219 3543 1328 3622 μείονα

346 3719 449 3784 neque
486 3698 614 3764 πλείονα
648 3721 776 3765 aeneum
811 3699 913 3763 ullum
946 3696 1144 3784 probabilem
1162 3695 1327 3782 praebent.

345 3847 377 3910 N
379 3869 413 3913 ec
448 3855 556 3914 tamen
601 3848 729 3913 difficile
764 3847 844 3912 mihi
878 3846 1006 3911 videtur
1032 3846 1187 3931 conjicere
1208 3842 1326 3930 quida

343 4019 441 4063 manu
465 3998 603 4062 auctoris
622 3998 800 4085 profectum
825 3999 876 4062 sit.
901 3995 1035 4082 Saepius
1058 3995 1326 4072 θαίιυσίνραυλείν

343 4165 416 4210 cum
436 4143 683 4210 πλανᾶσθαι
706 4146 911 4232 conjungitur
923 4150 955 4210 et
966 4142 1127 4224 νίνραυλία
1139 4163 1212 4208 cum
1223 4109 1334 4213 πλάνα-

342 4301 378 4364 ut
412 4295 483 4362 Lib.
515 4295 575 4362 VI.
611 4318 637 4362 c.
674 4299 726 4361 44.
762 4293 825 4360 δίον
859 4295 919 4362 aare
949 4300 1022 4368 ταῖς
1051 4290 1239 4373 ἀγραυλίαις
1270 4293 1324 4354 καί
