3276 5188
810 603 852 668 54

340 828 484 916 ejusdam
517 829 590 896 libri
625 829 681 894 ubi
715 829 810 894 Dion.
841 828 974 895 eandem
998 831 1190 896 seutentiam
1211 829 1326 896 iisdem

339 979 406 1045 lora
440 977 545 1044 verbis
578 979 747 1065 exprimit3
771 977 824 1040 iulo
845 977 908 1057 γὰρ
933 975 1192 1058 ὑπερβαλώμεθα
1219 987 1325 1044 τοῦτον

340 1125 393 1192 τὸν
416 1131 532 1207 sured),
556 1125 656 1192 οὐκέτι
679 1125 855 1203 τυνάξοιιοιν
879 1129 964 1208 ἡμᾶς
987 1128 1014 1192 οἷ
1026 1126 1323 1206 δέκιιβουλευοομέ-

347 1299 412 1352 τους
435 1276 510 1356 ὑπὲρ
533 1271 657 1352 οὐδενός.

387 1426 506 1492 Misera
541 1427 717 1512 tautologia
748 1425 888 1491 tollenda
915 1427 994 1492 mihi
1017 1426 1144 1492 videtur
1169 1428 1242 1492 Lib.
1268 1427 1330 1492 XI.

345 1597 414 1662 eap.
438 1579 468 1642 9.
493 1575 529 1640 O.
555 1574 708 1641 Claudius
730 1596 842 1640 causas
861 1595 1050 1641 enumerans
1063 1582 1206 1641 curante
1219 1597 1328 1642 omnes

343 1727 403 1793 sibi
438 1725 477 1791 de
510 1723 645 1811 publicis
669 1722 840 1788 commodis
865 1725 963 1789 verba
985 1725 1049 1790 sint
1072 1726 1218 1790 faciendo
1241 1726 1324 1790 inter

344 1876 407 1942 alia
429 1875 507 1942 bauo
531 1874 649 1938 dixisse
672 1873 789 1939 fertur:
814 1873 886 1952 τρὸ,Ι
910 1873 940 1935 δὲ
962 1869 1097 1946 τούτοις,
1119 1874 1168 1936 ὅτι
1182 1878 1325 1945 τοιαύταν

342 1999 543 2101 >nubilorum
585 2022 754 2102 προαίρεσιν
796 2023 829 2086 ἐκ
862 2021 1014 2102 προγόνων
1049 2059 1088 2072 -·
1128 2012 1161 2093 ἣν
1199 2022 1251 2084 οὐκ
1288 2018 1328 2084 ἂι

342 2172 478 2253 προδοίην
511 2172 584 2238 ἑκὼν
617 2167 782 2240 sirau...
815 2171 853 2236 ut
876 2194 941 2248 μοι
966 2174 1118 2258 ταύτην
1141 2174 1210 2234 τοῦ
1233 2170 1328 2247 βίου

342 2321 597 2402 προαίρεσιν,
631 2323 684 2384 καὶ
714 2321 768 2385 οὐκ
791 2316 829 2383 ἄν
852 2318 1101 2400 καταισχύναιμι
1125 2318 1184 2393 τοὶς
1210 2320 1327 2384 ἐκείνων

342 2474 404 2535 τῶν
427 2469 538 2550 ἀνδρῶν
561 2468 681 2549 operer.
707 2469 817 2535 Verba
839 2476 910 2556 post
933 2463 1010 2532 εἷνοιι
1034 2491 1136 2556 usqne
1160 2469 1201 2534 ad
1223 2468 1327 2547 τροοιί-

343 2642 423 2701 οοοιι
446 2641 574 2686 sensum
595 2589 729 2684 nullumv
743 2618 861 2684 habere
873 2619 1029 2684 viridanti
1038 2621 1106 2702 jam
1121 2619 1175 2682 diu
1187 2618 1329 2684 animad-

344 2776 510 2836 verterunt
543 2771 627 2834 inter
662 2790 759 2855 quos,
793 2774 830 2834 ut
864 2776 984 2834 cetoros
1019 2770 1182 2852 omittam,
1208 2769 1329 2834 Reiske

345 2925 416 3007 post
457 2913 533 2982 εἶναι
571 2917 696 2984 hiatum
730 2917 921 3003 significavit
955 2939 1053 3004 quam
1087 2918 1250 3004 Kiossling
1283 2919 1329 2982 ita

344 3068 492 3153 supplere
513 3071 665 3132 conatur:
689 3063 819 3146 Φαλάξω
843 3065 878 3145 δὴ
903 3063 1047 3139 τοιαύτην
1068 3065 1167 3142 souti.
1180 3088 1214 3130 τ.
1228 3065 1327 3151 Equi·

343 3214 416 3280 dem
451 3214 531 3278 nihil
555 3212 757 3280 inserendum
779 3219 867 3299 puto.
892 3213 977 3288 Quid
1002 3215 1160 3300 amplius,
1190 3237 1328 3302 quaeso,

344 3360 536 3428 desiderabis
559 3364 585 3428 si
607 3361 638 3426 δέ
661 3362 898 3442 μοι-προαίρεσιν
921 3369 958 3428 ut
981 3365 1174 3451 interpolata
1196 3387 1325 3451 prorsus

345 3511 519 3597 rejeceris?
555 3511 750 3581 Luoulenter
783 3517 889 3577 orator
924 3513 1000 3577 dioit
1033 3535 1115 3599 quae
1149 3515 1329 3602 siguificare

345 3663 415 3727 vult
439 3681 543 3748 neque
565 3663 631 3726 ullu
655 3662 867 3748 explicatione
892 3663 1070 3727 sententiae
1082 3684 1161 3748 opus
1173 3669 1231 3728 est:
1246 3661 1330 3727 Vide

278 3798 280 3802 ’
345 3831 439 3898 porro
472 3810 586 3897 eoquid
620 3812 694 3877 novi
720 3809 959 3897 Kiesslingiana
981 3813 1164 3896 conjecturs
1187 3811 1328 3877 afferat?

345 3959 461 4025 Nonne
493 3958 624 4052 φυλάξω
653 3959 689 4041 δὴ
711 3957 855 4033 τοιαύταν
878 3967 937 4026 oet.
962 3961 1028 4026 lere
1051 3961 1135 4025 idem
1158 3967 1206 4026 est
1232 3968 1329 4047 atque

343 4109 376 4174 id
401 4109 486 4196 quod
508 4110 657 4176 continuo
680 4111 856 4198 praeeedit:
881 4101 914 4183 ἣν
939 4112 992 4175 οὐκ
1014 4107 1053 4174 ἂν
1072 4105 1328 4190 spoletus-ebus?

345 4256 460 4344 Neque
494 4259 632 4324 multum
667 4259 773 4325 differt
798 4281 818 4324 a
841 4261 1045 4346 sequentibus
1069 4263 1123 4323 sul
1148 4260 1202 4324 οὐκ
1224 4257 1262 4323 ἂν
1286 4297 1328 4309 -
