3276 5188
740 655 783 716 152

270 883 484 971 expunxerim
521 887 558 946 ut
592 899 862 968 supervacaneum
900 885 1011 945 etex
1039 878 1257 964 dittographia

267 1038 389 1099 natum.

316 1182 474 1249 Codicum
511 1183 605 1247 lectio
639 1182 673 1245 in
707 1181 868 1266 integrum
902 1179 982 1244 mihi
1011 1177 1138 1244 videtur
1163 1177 1254 1242 resti-

272 1331 392 1396 tuenda
421 1331 532 1396 eodem
555 1352 624 1416 cap.
651 1329 710 1396 sub
733 1330 787 1394 fin.
810 1330 866 1394 ubi
888 1329 1053 1414 Kiessling
1077 1326 1191 1393 edidit:
1216 1367 1257 1374 —

275 1479 500 1559 ἐνθυμούμενον
524 1476 570 1544 ὅτι
595 1487 659 1554 τοῖς
681 1480 737 1558 μὲν
760 1479 869 1553 ἄλλοις
888 1478 1075 1557 ἀδικήμασιν
1086 1476 1258 1556 γενομένοις

276 1627 456 1711 ὀργίζεσθαι
487 1632 666 1712 πεφύκασιν
699 1624 856 1708 ἅπαντες,
891 1627 1034 1710 προδοσία
1056 1627 1087 1692 δὲ
1112 1629 1165 1693 καὶ
1186 1627 1260 1692 ὑπο-

273 1777 444 1859 πτευομένρ
469 1777 707 1860 σωφρονέστερον
732 1747 952 1858 ἡγούμενοι
976 1817 1018 1826 -
1038 1778 1135 1858 αὐτὴν
1153 1781 1257 1861 φυλά-

270 1924 401 2004 ξασθαι.
425 1929 490 1994 Pro
511 1925 673 2006 ἡγούμενοι
692 1929 846 1995 exhibent
865 1929 988 1996 codices
1000 1929 1156 2008 ἡγοῦνται,
1171 1928 1256 2015 quod

270 2079 428 2144 intactum
458 2101 623 2146 remanere
652 2081 814 2167 oportuit3
838 2086 1042 2167 opponuntur
1065 2079 1151 2144 enim
1172 2080 1257 2144 inter

272 2227 361 2292 sese:
388 2248 497 2292 omnes
522 2229 624 2294 solent
646 2229 695 2294 ira
716 2230 947 2295 excandescere
970 2231 1162 2313 (πεφύκασιν
1175 2228 1256 2308 ὀργί-

270 2374 395 2462 ζεσθαι)
430 2383 463 2443 et
497 2398 634 2464 magnae
667 2399 735 2444 esse
768 2379 957 2464 prudentiae
986 2380 1172 2444 existimant
1195 2379 1255 2445 sibi

270 2547 383 2592 cavere
418 2525 669 2609 (σωφρονέστερον
693 2527 841 2604 ἡγοῦνται
863 2527 1085 2610 φυλάξασθαι.
1109 2531 1255 2607 ἡγοῦνται

268 2695 370 2760 aeque
392 2697 430 2741 ae
453 2681 614 2758 πεφύκασι
638 2677 755 2764 pendet
780 2701 800 2744 a
825 2681 1028 2766 praecedenti
1050 2677 1107 2746 ἔτι.

312 2823 385 2889 Lib.
422 2824 464 2889 V.
499 2847 525 2890 c.
565 2829 615 2891 13.
651 2830 705 2890 aori
741 2829 977 2907 συνεπλήρωσαν
1011 2827 1045 2906 ἐξ
1069 2829 1172 2892 αὐτῶν
1200 2835 1256 2911 τῆς

269 2971 386 3054 βουλῆς
426 2973 497 3049 τοὺς
537 2975 733 3068 τριακοσίους.
782 2977 945 3064 Kiessling
984 3000 1042 3065 pro
1075 2981 1256 3046 accusativo

270 3119 387 3196 βουλήν
421 3123 460 3188 de
495 3145 552 3188 suo
576 3126 754 3211 genitivum
779 3126 945 3192 substituit
968 3134 1001 3193 et
1026 3126 1096 3202 τοὺς
1119 3150 1177 3214 pro
1201 3129 1254 3204 εἷς.

271 3269 390 3334 Libens
414 3273 550 3338 concedo
573 3276 765 3360 exquisitius
787 3297 855 3342 esse
875 3277 960 3362 quod
980 3280 1029 3344 vir
1048 3279 1130 3344 doct.
1143 3300 1257 3366 propo·

271 3418 340 3501 nit,
385 3421 641 3507 quandoquidem
672 3425 743 3508 jam
777 3424 972 3510 Tarquinius
1007 3426 1171 3512 Superbus
1206 3427 1259 3509 (cf.

271 3565 336 3630 III.
361 3588 388 3632 c.
415 3570 481 3653 67.)
505 3591 675 3636 numerum
702 3570 893 3638 Senatorum
915 3574 956 3639 ad
977 3580 1136 3640 trecentos
1158 3596 1256 3640 auxe-

270 3720 331 3779 rat.
368 3714 458 3790 Quae
490 3722 598 3784 tamen
621 3720 744 3786 codices
765 3722 919 3788 exhibent
942 3744 1006 3789 non
1028 3729 1094 3788 tam
1119 3723 1257 3788 absurda

270 3869 344 3928 sunt
368 3870 404 3962 ut
426 3887 485 3952 pro
507 3874 594 3933 certo
615 3869 843 3936 affirmaverim
867 3871 962 3936 Dion.
986 3872 1065 3938 haec
1092 3893 1156 3936 non
1179 3873 1257 3937 scri·

272 4010 347 4077 bere
379 4015 542 4100 potuisse3
577 4036 676 4102 quare
712 4020 836 4084 cautius
856 4020 936 4086 mihi
960 4020 1087 4086 videtur
1103 4020 1154 4086 hic
1177 4020 1258 4086 nihil

269 4166 405 4226 mutare.

312 4311 438 4397 Majora
467 4312 547 4377 mihi
579 4315 863 4382 animadvertenda
892 4317 1041 4384 videntur
1064 4317 1136 4386 Lib.
1164 4319 1206 4386 V.
1231 4343 1257 4390 o.
