3276 5188
831 632 873 696 50

359 858 469 942 larius)
499 857 513 922 ὃ
545 857 662 936 Φάβιος
687 855 908 930 talasa-ea*
937 851 1139 935 αἰσχύνης
1161 852 1242 918 οὐδὲν
1265 853 1344 916 alao-

358 1001 544 1086 κρινόμενος.
566 1009 706 1080 ”naara
731 1006 762 1071 δὲ
786 990 839 1070 rial
862 1005 887 1071 ol
910 1007 1011 1070 λοιποὶ
1035 1002 1109 1068 δέκα
1133 1003 1249 1076 πάντες
1267 1001 1343 1065 riva·

359 1156 554 1233 νννδνὶσννντες
584 1154 712 1222 ἐκώλυον
745 1157 838 1222 αὐτὸν
873 1153 989 1234 λέγειν.
1028 1154 1128 1218 Miror
1151 1153 1236 1218 uiros
1258 1151 1341 1215 doot.

354 1331 482 1376 sensum
504 1315 571 1374 tarn
593 1308 739 1394 ineptum
761 1308 920 1394 patienter
941 1307 1025 1370 ferre
1047 1303 1197 1390 potuisse.
1219 1299 1339 1364 Fabius

356 1464 392 1523 ut
422 1459 557 1545 legimus
589 1479 670 1542 prae
700 1457 825 1542 pudore
851 1457 932 1520 nihil
957 1453 1136 1541 respondet.
1162 1450 1224 1516 Sed
1247 1448 1341 1535 quale

353 1608 484 1674 tandem
507 1607 665 1693 flagitium
687 1607 737 1671 uir
759 1604 986 1691 integerrimus
1009 1602 1062 1688 (ef.
1083 1601 1154 1666 Lib.
1175 1599 1218 1664 X.
1232 1621 1258 1664 e.
1273 1600 1339 1681 58.)

353 1759 554 1835 commiserat
589 1763 624 1822 nt
659 1757 720 1823 hoo
752 1756 791 1821 de
826 1776 922 1820 eausa
954 1752 1100 1819 taceret?
1131 1747 1255 1814 Deinde
1285 1748 1340 1833 qui

352 1909 421 1976 fieri
456 1909 561 1996 potuit
595 1912 631 1972 ut
663 1906 790 1995 Appius
824 1912 857 1970 et
892 1906 961 1990 ejus
984 1903 1123 1988 collegae
1146 1921 1188 1965 ex
1211 1897 1338 1963 sedibus

353 2060 418 2126 suis
453 2059 637 2124 exsilientes
672 2055 877 2142 prohiberent
908 2051 1076 2138 quominus
1106 2049 1133 2113 is
1155 2049 1338 2132 loqueretur

351 2210 403 2276 oui
436 2209 602 2275 eonsilium
634 2205 784 2293 loquendi
818 2225 881 2268 non
906 2201 1016 2267 esset?
1040 2199 1104 2263 Pro
1127 2203 1213 2262 eerto
1235 2194 1337 2259 habeo

351 2359 489 2427 Fabium
523 2379 587 2423 non
621 2377 698 2442 prae
725 2353 845 2441 pudore
867 2351 923 2417 sed
945 2351 978 2416 vi
1002 2353 1147 2414 eoactum
1169 2345 1250 2410 nihil
1271 2365 1335 2407 res-

351 2509 499 2601 pondisse
534 2515 566 2574 et
601 2505 794 2592 Dionysium
825 2522 883 2588 pro
917 2499 969 2563 ὑπ’
998 2493 1150 2576 αἰσχύνης
1174 2491 1334 2579 scripsisse

350 2661 404 2727 ὑπ’
438 2657 600 2737 olveiram
636 2657 663 2721 si
696 2659 862 2742 praeterea
895 2649 1065 2714 molestum
1086 2644 1116 2709 tr
1141 2641 1336 2729 expunxeris

350 2809 525 2878 substitute
559 2804 781 2892 conjunctione
811 2798 931 2866 causali
954 2795 1017 2874 γὰρ
1040 2792 1174 2859 habebis
1195 2811 1234 2855 ea
1254 2808 1335 2874 quae

350 2981 428 3028 rana
450 2959 531 3026 retio
555 2957 682 3023 videtur
704 2951 890 3037 efflagitare.

390 3109 550 3196 Corrupto
573 3106 672 3172 etiam
696 3102 775 3168 haer
798 3105 872 3165 sunt
899 3097 951 3162 vel
974 3093 1128 3160 nonnulle
1146 3088 1332 3155 exciderunt

346 3259 456 3330 eodem
491 3279 560 3346 eap.
594 3259 654 3319 τῶν
685 3252 712 3317 δ’
744 3251 779 3315 ἐκ
801 3254 858 3322 τῆς
881 3242 1032 3326 ἑταιρείαις
1056 3237 1169 3312 αὐτοὺς
1191 3234 1331 3312 λέγειν

347 3411 445 3493 ὀρθῶς
472 3403 657 3487 ἡγουμένων.
683 3402 821 3468 Plurimi
843 3395 1093 3484 indignabantur
1111 3389 1195 3477 quod
1206 3385 1331 3472 Appius

347 3569 379 3632 et
414 3561 530 3651 reliqui
561 3557 669 3624 deoem
699 3552 867 3620 Valerium
888 3547 1124 3636 prohibuissent
1145 3540 1254 3626 loqui,
1276 3535 1330 3622 qui

346 3735 422 3783 vero
452 3733 494 3780 ex
517 3727 628 3778 eorum
650 3703 818 3772 sodalitate
841 3704 932 3766 erant
954 3702 1041 3763 reete
1063 3715 1116 3759 eos
1138 3691 1257 3754 dixisse
1279 3687 1328 3770 (ut

344 3863 464 3948 editur)
488 3856 730 3928 existimabant.
755 3851 819 3918 Sed
842 3847 1035 3915 deorstione
1048 3838 1210 3908 habitasb
1224 3836 1330 3922 Appio

345 4019 378 4079 et
413 4011 544 4100 reliquis
567 4007 677 4074 deoem
700 4005 808 4070 nullus
830 4005 880 4066 est
902 4017 1026 4079 serm03
1049 3995 1251 4077 exspectares
1273 4004 1330 4070 pro

348 4157 452 4238 alasa
476 4157 582 4247 potins
604 4149 749 4238 κωλύεννς
773 4149 828 4217 sed
850 4167 955 4234 neque
975 4145 1035 4208 hoe
1054 4146 1177 4206 eertum
1194 4142 1226 4200 et
1238 4134 1330 4221 plura

343 4305 501 4375 excidisse
521 4305 680 4373 videntur.
