3276 5188
769 677 787 738 9

326 898 398 964 Lib.
433 898 498 964 ΙΙΙ.
532 921 558 964 c.
593 901 668 966 coc
691 900 755 980 γάρ
778 901 813 982 δὴ
840 902 988 980 Σοιβάνοις
1017 905 1074 982 μὲν
1099 889 1141 956 -’-
1164 913 1267 981 καλῶς

287 1043 373 1130 εἶχεν
404 1087 447 1098 --
478 1048 681 1127 μεταθέσθαι
705 1051 777 1126 τοὺς
797 1051 884 1130 βίους
908 1055 946 1129 ὡς
968 1052 1071 1136 άμοῖς,
1101 1055 1173 1134 ὑμῖν
1198 1057 1271 1141 (Al-

287 1199 392 1282 banis)
416 1198 447 1262 δὲ
469 1197 531 1278 cpe
553 1206 617 1274 τοῖ,Ι
640 1201 904 1279 συγγενεστάτοις
930 1243 972 1254 --
996 1205 1056 1287 οὐχ
1076 1201 1136 1284 ἕξει
1157 1211 1270 1280 καλῶς.

288 1347 422 1433 Signum
455 1349 673 1436 interrogandi
706 1373 862 1439 ponemus
897 1361 969 1440 post
987 1355 1048 1435 οὐχ
1071 1350 1131 1433 ἕξει
1156 1359 1271 1428 κοινῶς.

288 1495 447 1561 Hortatur
469 1497 554 1560 enim
577 1497 652 1562 Rex
674 1499 893 1567 Romanorum
917 1503 1061 1570 Albanos
1085 1511 1121 1569 ut
1140 1505 1273 1570 urbibus

288 1645 353 1708 suis
376 1644 534 1710 derelictis
558 1645 696 1712 Romam
718 1649 907 1734 migrarent.

334 1795 445 1862 Solent
468 1798 502 1862 in
526 1798 685 1864 codicibus
707 1801 792 1864 inter
813 1822 882 1866 sese
901 1803 1051 1868 confundi
1071 1801 1220 1882 πράττειν
1241 1812 1273 1870 et

288 1946 510 2033 compendium
544 1946 634 2011 verbi
656 1944 870 2026 προστάττειν.
895 1950 948 2016 sio
970 1934 1088 2038 legituc
1111 1953 1183 2018 Lib.
1207 1953 1272 2017 III.

289 2117 315 2159 c.
355 2097 404 2159 11.
441 2095 493 2160 οὐκ
528 2091 566 2158 άν
601 2093 748 2176 Φᾶάνοιεν
782 2137 823 2144 -
860 2101 1067 2164 Λαουϊνιᾶται
1102 2103 1144 2163 τά
1168 2100 1272 2165 δίκοιιοι

290 2241 562 2328 πράττοντας
586 2244 641 2310 ubi
664 2266 737 2310 cum
759 2246 892 2312 Reiskic
915 2248 987 2333 lego
1010 2246 1272 2336 προστάττοντες,

289 2395 394 2458 minus
427 2400 513 2460 recte
541 2395 620 2460 mihi
642 2396 769 2461 videtur
792 2396 956 2482 Kiessling
978 2398 1113 2462 verbum
1137 2399 1275 2485 simplex

289 2539 457 2616 τάττοντες
479 2542 624 2609 edidisse.
649 2543 741 2610 Idem
762 2545 878 2609 vitium
901 2544 1117 2631 deprehendes
1136 2569 1205 2633 cup.
1219 2551 1272 2612 23.

291 2691 433 2775 ejusdem
464 2692 558 2757 libri:
592 2689 701 2774 άρχειν
736 2697 789 2756 uui
824 2693 866 2758 τά
898 2693 1003 2759 δίκαιον
1034 2693 1182 2775 πράττειν
1204 2698 1275 2783 lege

290 2839 504 2920 προστάττειν.
605 2887 608 2892 -

334 2991 408 3061 Lib.
431 2991 496 3058 III.
521 3016 547 3058 c.
573 2997 614 3059 32
633 2995 721 3061 med..
737 2996 796 3061 hoc
817 2996 970 3081 legimus:
990 2992 1114 3070 γίνετοά
1125 3016 1160 3057 τε
1173 2992 1274 3056 οὐσῶν

292 3145 327 3210 ἐκ
349 3143 553 3224 παρατάξεως
575 3144 660 3222 άγὼν
683 3143 815 3222 διέμενον
839 3144 902 3225 γάρ
927 3142 1135 3225 ἀγχωμάλως
1157 3145 1271 3221 άγωνι-

290 3277 409 3379 ξάμενον
431 3298 485 3359 καὶ
505 3291 694 3368 διελύθησαν
719 3295 777 3360 ὑπὸ
800 3301 855 3368 τῆς
881 3294 987 3369 νυκτὸς
1009 3292 1192 3374 άμφάλογον
1215 3315 1273 3356 κα-

292 3444 479 3519 tenendum
501 3445 535 3510 τὸ
559 3443 687 3523 νΙκνμοι.
711 3445 833 3511 Locum
851 3445 961 3531 procul
981 3443 1077 3508 dubio
1089 3448 1274 3527 corruptum

293 3596 445 3662 Reiskius
479 3615 592 3664 sanare
625 3600 758 3660 conatur
790 3594 957 3661 inserendo
980 3600 1052 3680 post
1074 3592 1159 3670 άγὼν
1182 3613 1274 3657 vocc-

292 3743 404 3810 bulum
428 3745 467 3811 dc
488 3767 545 3811 suo
567 3766 681 3832 nempe
705 3745 867 3827 καρτερὸς,
890 3766 953 3830 quo
976 3749 1084 3808 tumen
1106 3763 1171 3808 non
1193 3742 1274 3806 mui-

293 3901 363 3959 tum
386 3894 578 3980 proficimus.
602 3892 676 3957 Non
696 3895 781 3956 enim
804 3894 864 3958 hec
886 3893 925 3958 de
948 3913 1044 3957 ccusc
1066 3893 1182 3957 acriter
1195 3911 1275 3976 pug-

294 4050 407 4110 natum
442 4049 490 4108 est
526 4045 677 4129 quoniam
710 4063 811 4129 aequo
833 4049 937 4108 morte
959 4042 1135 4108 certabunt.
1159 4041 1277 4106 Portus

294 4193 453 4260 laboranti
486 4195 600 4259 melius
639 4194 787 4259 subvenit
820 4193 1017 4258 substituens
1048 4189 1078 4255 δὲ
1112 4211 1170 4277 pro
1202 4188 1276 4268 γάρ.

296 4345 443 4412 Oonsbcr
467 4351 574 4410 temen
598 4368 640 4412 uu
662 4345 775 4413 melius
795 4342 917 4433 aliquid
943 4363 1118 4431 proponere
1140 4342 1277 4431 possim3
