3276 5188
855 687 896 747 20

385 908 478 973 modo
511 915 622 974 contre
646 910 833 974 dictatorcm
859 910 928 995 (qui
954 917 1062 976 castro
1081 913 1114 976 in
1139 914 1219 977 colle
1242 914 1368 977 excelso

386 1061 550 1144 posucrat)
574 1047 694 1123 belluin
718 1059 759 1123 sit
783 1057 969 1144 gerendum.
981 1058 1047 1123 Alii
1062 1066 1191 1125 censent
1204 1061 1271 1125 sine
1283 1082 1371 1125 mora

386 1208 541 1294 impetum
573 1209 606 1271 in
640 1229 714 1272 cum
747 1208 945 1291 faciendum,
977 1207 1002 1273 oi
1026 1208 1057 1272 δὲ
1080 1207 1150 1283 τοὺς
1173 1209 1229 1288 μὲν
1252 1213 1370 1274 ἀτιτα-

386 1359 586 1436 φρειῐταντας
628 1355 719 1435 ὀλίγῃ
759 1361 817 1419 τινὶ
854 1355 1028 1435 κατείργειν
1063 1362 1211 1442 φυλακῇ,
1246 1364 1301 1439 τὴν
1343 1358 1368 1421 δ’

387 1501 488 1578 ἄλλον
523 1503 650 1582 δι’ναροιν
685 1499 908 1581 ἀναλαβόντας
945 1508 996 1569 ἐπὶ
1031 1511 1087 1587 τὴν
1121 1504 1238 1585 Ῥῶριιιν
1268 1506 1368 1585 ἄνειν.

387 1654 522 1720 Frustra
557 1654 609 1720 hic
641 1655 767 1740 quaeris
800 1654 934 1718 verbum
966 1654 1108 1719 indicans
1132 1657 1262 1741 quinam
1286 1657 1368 1722 fosso

349 1873 355 1884 ,
388 1802 604 1869 circumducto
636 1802 799 1867 coercendi
835 1803 916 1885 sint3
951 1803 1117 1888 participio
1139 1804 1224 1868 enim
1248 1803 1368 1868 ιὶτοτα-

388 1948 585 2035 φρεύοαντας
620 1950 707 2016 deest
737 1950 898 2034 objectum
920 1971 979 2014 nec
1002 1951 1094 2016 focile
1112 1951 1366 2018 subaudiendum

387 2101 467 2166 mihi
500 2099 627 2164 videtur
660 2120 702 2164 ex
736 2098 939 2184 praecedenti
962 2097 1033 2173 τοὺς
1055 2094 1127 2176 ἅμα
1148 2099 1189 2180 τῷ
1214 2099 1366 2179 δικτάτορι

385 2245 663 2326 καταλαβομένους
696 2223 731 2311 τὸ
764 2245 844 2325 ἕροςς
881 2249 1013 2332 conjicio
1046 2249 1145 2335 igitur
1176 2257 1251 2315 ante
1280 2249 1370 2330 &olm

386 2396 588 2464 inserendum
615 2416 683 2460 esse
706 2417 879 2482 pronomen
902 2395 1015 2470 αὐτοὺς
1038 2396 1122 2483 quod
1140 2404 1270 2484 propter
1282 2400 1366 2463 simi·

386 2546 554 2612 litudinem
588 2545 694 2608 exitus
729 2544 819 2608 verbi
843 2543 1200 2624 ιὶτοτοιφρευοΑΝΤΑΟ
1221 2545 1367 2612 excidere

383 2694 498 2782 potuit.

430 2841 501 2906 Lib.
526 2840 587 2905 VI.
613 2861 639 2905 c.
665 2842 694 2903 6.
719 2843 773 2902 καὶ
798 2843 902 2902 πάντα
925 2839 967 2903 τοὶ
992 2841 1065 2920 παρ’
1087 2841 1242 2906 ἑαυτῶν
1265 2843 1308 2917 εἷς
1329 2843 1364 2908 τὸ

383 2993 469 3054 νικᾶν
494 2986 643 3068 πρόθυμα
668 2986 899 3066 παρεχομένοις.
922 2988 987 3053 Pro
1010 2987 1146 3064 ἑαυτῶν,
1161 2991 1246 3077 quod
1257 2992 1365 3056 Kiess·

384 3141 452 3224 ling
487 3137 566 3201 duce
589 3135 721 3199 Reiskio
743 3136 888 3219 conjicit,
912 3135 1041 3234 codices¹
1058 3139 1213 3204 exhibent
1236 3137 1362 3209 ἑαυτοὺς

383 3292 415 3351 ei
438 3285 575 3365 ἑαυτοῖς;
598 3290 794 3368 postremum
816 3284 956 3348 maxime
978 3285 1056 3349 mihi
1078 3288 1192 3372 placei.

426 3432 498 3496 Lib.
523 3405 635 3496 VLc.
662 3433 690 3495 7.
716 3431 869 3515 legimus:
894 3432 941 3495 ὅτι
964 3439 1019 3512 τῆς
1043 3432 1159 3509 πόλεως
1181 3433 1362 3512 μὲναύτοὺς

384 3583 642 3652 ιἰτνλάοιιτε.
677 3577 742 3642 Pro
775 3579 888 3644 ultimo
921 3581 1076 3647 vocabulo
1105 3582 1226 3648 codices
1256 3606 1364 3649 omnes

385 3729 463 3794 dont
486 3724 715 3806 ιἰτεστιέοιιτε,
739 3727 824 3812 quod
846 3729 1006 3814 integrum
1019 3731 1362 3818 servandumconjioio.

385 3877 419 3942 Si
456 3876 541 3943 enim
575 3881 661 3940 recte
694 3875 810 3940 dicitur
839 3875 987 3941 ἆτοττιῖν
1011 3901 1080 3943 τινα
1104 3887 1160 3955 τῆς
1183 3881 1304 3968 {bocboc
1328 3889 1364 3946 ut

387 4026 485 4113 Soph.
511 4025 589 4091 Oed.
614 4025 655 4090 R.
681 4028 774 4091 1432.

490 4175 562 4254 πρὸς
585 4172 662 4238 θεῶν
686 4174 811 4255 ἐπείπερ
838 4175 958 4252 &bocboc
982 4181 1016 4255 μ’
1038 4179 1249 4256 οὶτέοτοιτας,

381 4325 472 4396 nulla
506 4325 584 4389 mihi
619 4325 746 4410 quidem
769 4312 907 4391 ¹videtur
930 4349 1025 4393 causo
1047 4350 1115 4393 esse
1138 4351 1193 4394 cur
1216 4329 1361 4394 οὶτοοτᾶν
