3276 5188
748 636 791 699 45

284 865 455 931 desiderari
490 871 565 930 ante
590 861 777 944 κρύψαντες.
803 863 894 938 Quae
916 864 1002 928 enim
1024 886 1075 929 ree
1097 866 1168 950 ipsa
1191 864 1269 928 soti-s

283 1014 424 1100 loquitur
447 1033 502 1097 ea,
526 1013 656 1100 opinor,
681 1014 778 1079 nullis
800 1014 1157 1100 artibusceloripotest.
1172 1012 1267 1078 Olau-

284 1163 353 1228 dius
387 1165 487 1249 igitur
508 1184 572 1228 non
594 1163 654 1228 hoc
677 1162 770 1227 dicit:
795 1163 986 1248 Verginium
1008 1169 1041 1228 et
1064 1185 1138 1228 suos
1160 1163 1268 1228 dolum

283 1334 378 1398 quem
401 1313 594 1378 struxissent
618 1315 731 1380 texisse
756 1312 811 1379 esd
830 1312 915 1398 quod
926 1319 1034 1399 tegere
1045 1313 1150 1377 conati
1162 1319 1268 1377 essent

283 1460 316 1524 id
339 1483 407 1526 rem
428 1461 531 1548 ipsam
554 1465 590 1528 in
614 1465 714 1528 lacem
729 1465 904 1549 protulisse
911 1488 925 1546 ‚·
937 1485 1036 1550 quare
1048 1484 1120 1529 cum
1133 1461 1266 1526 Reiskio

217 1657 219 1660 -
282 1611 413 1695 conjicio
447 1616 518 1696 post
552 1609 718 1691 κέχρηνται
749 1611 953 1678 inserendum
978 1633 1047 1678 esse
1070 1617 1191 1697 μάτην,
1216 1615 1269 1678 vel

283 1764 405 1844 κακῶς,
429 1762 481 1826 vel
503 1762 568 1826 tale
592 1761 678 1848 quid.
773 1825 775 1832 .

326 1910 452 1976 Vitiosa
486 1917 561 1980 sunt
595 1932 678 1998 quae
707 1912 859 1997 leguntur
883 1911 954 1976 Lib.
979 1912 1022 1977 X.
1051 1933 1078 1976 o.
1104 1915 1155 1976 37.
1180 1905 1265 1983 οὗτος

282 2058 384 2137 μέντοι
422 2059 543 2134 Σίκκιι,Ι
570 2099 611 2108 -
635 2061 647 2123 ὁ
671 2059 788 2139 μηδένα
812 2060 942 2127 κίνδυνον
967 2062 1098 2135 ὀκνήσας
1122 2059 1266 2138 πῶπντε,

285 2208 356 2286 μηδ’
377 2208 608 2287 ἀπειπάμενος,
633 2209 722 2274 ἄλλα
745 2204 764 2284 ἦ
771 2234 786 2274 ν
808 2211 839 2274 ἕν
859 2209 1125 2292 asportasset.
1140 2213 1269 2298 Optime

284 2360 448 2448 Kiessling
470 2360 696 2426 animadvertit
719 2354 752 2434 ἦν
776 2368 853 2426 ante
874 2360 1084 2427 inferendum
1098 2383 1161 2426 non
1177 2383 1267 2444 esse,

242 2532 244 2536 ’
284 2531 382 2596 quum
394 2517 480 2577 totus
493 2517 661 2576 contextus
673 2512 877 2598 participium
888 2512 1043 2596 efflagitet
1056 2532 1120 2576 non
1132 2510 1266 2575 verbnm

284 2661 420 2726 finitum.
444 2660 569 2726 Deinde
591 2666 663 2746 poet
685 2659 774 2723 ἀλλὰ
796 2661 944 2725 lacunam
967 2660 1268 2744 significavitquam

284 2809 328 2874 sic
361 2782 509 2897 supplere
532 2815 681 2874 conatur:
706 2809 794 2873 αλλὰ
817 2815 937 2880 πάντας
961 2806 1118 2893 ὑποστάς,
1142 2809 1270 2894 quoda

284 2963 393 3022 nostro
433 2959 502 3022 loco
544 2979 608 3023 non
650 2959 790 3024 alienum
820 2965 878 3024 est.
914 2958 1022 3033 Quum
1054 2963 1163 3024 tamon
1196 2963 1267 3043 post

283 3104 497 3183 ἀπειπάμενος
520 3107 644 3172 facilius
668 3109 807 3193 potuerit
831 3106 978 3173 excidere
1000 3107 1151 3186 α’ράμεννς
1170 3128 1268 3192 quam

285 3254 421 3330 ὑποστάς
443 3256 584 3342 suspicor
607 3257 754 3322 lacunam
777 3258 822 3322 sio
844 3257 950 3343 potius
974 3257 1167 3343 explendam
1179 3277 1265 3322 esso:

284 3403 373 3469 ἄλλα
410 3402 534 3479 πάντας
567 3403 727 3484 α’ραμεννς.
764 3405 855 3470 Oonf.
891 3427 961 3492 cop.
992 3405 1183 3492 praecedens
1207 3403 1267 3480 ἐγὼ

283 3554 334 3618 τὸν
359 3552 432 3635 ὑπὲρ
454 3552 601 3619 ἁπάντων
624 3553 754 3620 κίνδυνον
777 3554 936 3635 ἀράμενος.
958 3554 1078 3628 Quodsi
1090 3576 1184 3642 porro
1196 3576 1268 3620 cum

286 3701 404 3769 Kisesl.
427 3726 485 3789 pro
507 3697 541 3777 ἦν
564 3703 594 3767 ἕν
617 3702 814 3784 παρατάξεσι
839 3704 1041 3769 substitueris
1063 3663 1188 3768 ιιαὶῖν
1207 3727 1269 3768 πα-

284 3848 455 3936 ρατάξεσι,
490 3852 623 3918 habebis
658 3853 684 3917 si
717 3853 823 3920 minus
852 3853 951 3920 verba
969 3855 1108 3919 auctoris
1127 3860 1160 3919 at
1183 3860 1269 3920 certe

287 4021 369 4086 quae
392 4002 459 4066 sine
482 4002 653 4068 offensione
675 4005 740 4090 legi
761 4010 904 4091 possunt.

331 4148 403 4215 Lib.
423 4149 466 4216 X.
487 4171 513 4215 c.
534 4153 587 4215 39.
606 4150 730 4228 Siccius¹
742 4151 902 4218 Dentatus
913 4152 947 4216 in
958 4151 1022 4216 fine
1033 4152 1184 4218 orationis
1196 4173 1272 4218 ause

289 4298 414 4388 plebem
437 4299 626 4366 adhortatur
648 4321 688 4365 ne
708 4300 828 4365 diutius
846 4302 1053 4368 contumelias
1065 4303 1270 4391 patriciorum
