3276 5188
776 615 817 677 55

302 839 425 920 ἀρετάς.
461 842 604 908 Astriote
638 845 736 926 atque
759 839 911 905 ooneinne
936 844 1042 904 orator
1066 837 1145 903 duaa
1167 835 1287 922 primas

303 1012 414 1055 oausas
448 991 597 1076 exponit,
635 989 704 1054 veri
739 989 842 1054 simile
877 1009 941 1053 non
967 994 1015 1054 est
1042 1008 1116 1053 eum
1138 987 1171 1051 in
1193 985 1289 1051 tertia

303 1139 517 1204 enumeranda
549 1139 648 1204 nimia
679 1138 850 1204 verborum
883 1137 975 1224 eopia
1005 1136 1195 1203 sententiam
1218 1135 1287 1199 lan·

303 1286 398 1372 guide
421 1309 577 1353 onerasse.

345 1437 384 1500 L.
423 1436 588 1502 Ooruelius
621 1457 694 1501 aoer
728 1403 978 1500 decemvirorum
1013 1398 1119 1500 fautor
1155 1437 1286 1519 rogatus

304 1587 495 1651 senteutiam
536 1586 693 1688 debello
727 1585 879 1650 adversus
914 1584 1044 1671 Aequos
1078 1591 1109 1649 et
1151 1582 1305 1648 Sabinos

302 1735 501 1823 susoipiendo
524 1735 729 1801 vehementer
752 1735 914 1799 invehitur
937 1736 970 1798 in
993 1733 1190 1799 adversarios
1213 1753 1287 1797 suos

303 1885 357 1969 qui
392 1889 557 1949 suaserant
592 1904 633 1947 ne
659 1883 698 1948 de
721 1883 787 1947 ulla
808 1904 844 1946 re
867 1882 1041 1969 quidquam
1063 1881 1285 1947 decerneretur

303 2032 401 2098 donea
423 2033 478 2096 alii
500 2032 708 2116 magistratus
731 2031 830 2096 creati
850 2031 993 2099 fuissent.
1015 2029 1087 2104 Qua
1098 2031 1132 2094 iu
1144 2029 1286 2094 oratione

303 2180 374 2244 Lib.
410 2179 471 2244 XI.
508 2201 576 2266 cap.
603 2180 729 2244 16.·fin.
754 2179 851 2246 etiam
875 2180 953 2246 haec
975 2181 1047 2266 lego
1070 2199 1152 2265 quae
1176 2178 1287 2264 prooul

303 2328 398 2394 dubio
430 2333 579 2414 corrupta
615 2334 705 2392 suut:
742 2331 796 2390 aul
833 2327 893 2392 ott·
927 2327 1004 2392 adri
1028 2335 1116 2392 τοῦτο
1141 2325 1285 2390 tessaura

301 2477 450 2551 συνιδεῖν,
493 2482 539 2543 ὅτι
573 2476 703 2555 γνώμας
738 2476 933 2558 εἰσφέρουσι,
967 2483 1090 2554 μᾶλλον
1124 2476 1150 2540 δ’
1185 2474 1285 2556 εὐχὰς

302 2625 527 2702 ἀδυνάτους
550 2625 728 2714 ἔχουσιν.
755 2626 901 2692 Oonabor
925 2624 1284 2692 autemlooolaboranti

299 2779 458 2866 probabili
479 2779 661 2864 conjectura
683 2777 852 2842 subvenire
875 2783 1045 2862 postquam
1060 2776 1198 2862 attigero
1210 2795 1284 2842 eon·

296 2930 438 3014 jecturas
467 2928 537 3012 jam
570 2931 645 2990 ante
680 2947 699 2990 a
730 2925 863 2990 Reiskio
886 2932 918 2991 et
942 2925 1136 3012 Kiesslingio
1159 2926 1284 2991 allatas.

300 3077 424 3163 Nempe
449 3074 571 3156 ἔχουσιν
595 3075 728 3140 Reiskio
750 3097 814 3139 non
838 3076 958 3162 placuit
973 3096 1030 3162 pro
1043 3097 1105 3162 quo
1118 3075 1284 3140 substituit

296 3225 457 3304 λέγουσιν,
472 3248 535 3312 qua
547 3225 741 3308 mutatione,
755 3225 882 3310 opinor,
895 3246 1010 3311 parum
1022 3226 1073 3291 vel
1085 3225 1191 3311 potius
1203 3224 1284 3290 nihil

296 3377 487 3463 proficimus.
523 3375 704 3461 Kiessling,
736 3373 821 3460 quod
851 3376 968 3458 miror,
1001 3374 1127 3440 Reiskii
1159 3379 1284 3440 senten·

217 3538 221 3543 '
296 3526 375 3590 tiam
399 3526 566 3610 amplexus
589 3530 637 3589 est
660 3530 692 3589 et
717 3531 883 3609 praeterea
907 3529 978 3611 post
999 3523 1128 3603 γνώμας
1150 3525 1283 3590 inseruit

299 3825 401 3910 primo
436 3845 562 3910 quoque
595 3828 738 3908 tempora
773 3828 820 3886 est
854 3821 1027 3907 rejicienda
1056 3828 1093 3888 ut
1124 3822 1284 3889 absurdis·

302 3975 381 4038 sima
413 3979 445 4038 et
475 3995 495 4039 a
523 3977 592 4036 tota
622 3972 764 4036 oratione
790 3971 992 4038 alienissima.
1017 3972 1096 4037 Post
1119 3971 1179 4037 our
1205 3972 1282 4038 ariri

299 4129 387 4190 τοῦτο
428 4127 596 4209 exspectas
637 4142 705 4186 rem
739 4141 835 4205 quam
870 4121 1006 4206 quisque
1039 4121 1131 4187 iaoila
1167 4123 1284 4188 intelli·

301 4295 376 4359 gere
409 4276 512 4359 potest
543 4268 714 4334 absurdam
737 4268 788 4334 vel
812 4267 980 4334 ridiculum
1006 4291 1094 4355 essa;
1122 4272 1177 4356 qui
1200 4272 1284 4336 enim
