3276 5188
773 679 813 741 67

310 902 343 967 ἐκ
379 912 438 985 γῆς
462 903 650 969 οένελθοῖνσαι
674 902 837 986 ὤφθησαν.
861 906 1007 972 Primum
1031 907 1222 972 vocabulum
1245 915 1292 972 est

308 1061 497 1140 poetarum,
521 1063 557 1119 ut
581 1056 692 1142 Eurip.
717 1055 823 1143 Iphig.
847 1057 944 1121 Taur.

503 1198 523 1266 ὦ
550 1195 667 1269 πολλαέ
690 1203 824 1285 δακρύων
846 1202 986 1282 λιβοέδες.

310 1355 400 1420 Idem
422 1354 614 1420 vocabulum
635 1353 766 1418 adhibet
789 1353 886 1419 Dion.
910 1362 942 1420 et
965 1355 1037 1420 Lib.
1051 1354 1113 1421 XI.
1127 1377 1152 1422 ο.
1167 1360 1218 1422 37.
1231 1355 1290 1428 τὰς

309 1502 447 1582 λιβάδας
470 1501 625 1580 ε’ξέματτε
647 1506 705 1566 τῶν
728 1501 864 1581 δακρύων
888 1509 921 1570 et
945 1504 1031 1570 alibi.

353 1652 425 1718 Lib.
455 1651 515 1717 IV.
539 1673 565 1716 c.
588 1649 619 1716 b.
643 1652 694 1716 πδν
715 1650 773 1728 μέν
797 1645 846 1716 οὖν
868 1651 1035 1732 Ταρκύνιον
1058 1650 1237 1718 ἀκούσαντά
1258 1677 1294 1717 τε

310 1805 365 1865 καὶ
389 1799 473 1878 μετα
497 1809 602 1864 ταῦτα
625 1795 727 1864 ἰδόντα
751 1802 786 1866 τὸ
812 1800 903 1882 τέρας
938 1805 974 1865 ἐν
1009 1801 1197 1881 θαύματι
1231 1828 1293 1881 γε·

309 1949 453 2015 νέσθαι
488 1958 521 2017 et
559 1952 631 2018 Lib.
668 1951 730 2016 XI.
762 1974 789 2016 c.
823 1955 875 2017 27.
906 1953 944 2027 ὠς
974 1951 1146 2017 ἐθεάσαντο
1175 1954 1227 2018 τὸν
1253 1991 1294 2000 -

310 2099 430 2164 Σίκκιον
462 2139 503 2148 --
532 2101 546 2164 έ
555 2124 569 2163 ν
592 2099 783 2178 θαύματι
798 2094 916 2173 Ιἦσαν.
941 2099 1032 2166 Haec
1055 2102 1169 2166 ultima
1192 2100 1295 2166 Hero·

311 2248 403 2314 dotus
437 2249 595 2335 imprimis
627 2249 779 2333 adhibet,
801 2270 860 2314 nee
883 2254 991 2315 tamen
1014 2249 1195 2337 Thucydidi
1219 2256 1294 2316 sunt

309 2400 428 2485 ignota.

355 2548 426 2614 Lib.
452 2547 512 2613 IV.
537 2570 563 2613 ο.
590 2551 640 2613 16.
674 2547 891 2626 ἐκοσμεῖτο
916 2545 942 2610 δ’
969 2549 997 2610 ἐν
1019 2548 1295 2625 τοῖςοὶχῶσιμετοδ

311 2697 380 2772 τοὺς
405 2695 597 2778 προμοὶχονς.
617 2698 828 2764 Notissimum
848 2703 896 2762 est
914 2697 1047 2762 verbum
1067 2703 1192 2773 κοσμεῖν
1210 2697 1297 2783 apud

311 2845 490 2912 Homerum
513 2846 597 2912 idem
620 2847 800 2933 significare
819 2845 904 2932 quod
922 2846 1008 2931 apud
1020 2845 1147 2911 Atticos
1160 2851 1295 2910 τάττειν.

312 3018 338 3061 e.
363 3017 393 3081 g.
418 2994 511 3060 Iliad.
535 2995 596 3060 XI.
621 2998 673 3060 51.

357 3144 449 3228 Φδοδν
474 3144 505 3208 δέ
530 3143 608 3222 μέγ’
632 3144 753 3218 ἱππήων
775 3142 826 3208 έπδ
850 3142 960 3225 τάφρῳ
983 3141 1202 3221 κοσμηθέντες.

312 3319 369 3383 pro
390 3294 579 3377 ταχθέντες.

356 3445 427 3511 Lib.
441 3445 502 3511 IV.
515 3467 542 3510 ο.
563 3447 615 3509 47.
636 3443 816 3509 κίνδυνον
840 3443 891 3508 πδν
910 3441 1059 3522 μέγιστον
1081 3441 1296 3523 τρέχουσιν

312 3601 345 3659 et
377 3595 448 3662 Lib.
485 3594 564 3660 VII.
602 3616 628 3660 c.
655 3598 706 3659 48.
741 3595 807 3659 τὸν
841 3593 916 3674 ὑπὲρ
946 3601 1002 3674 τῆς
1024 3598 1132 3673 ψυχῆς
1155 3593 1296 3670 έχῶνοι

312 3741 462 3822 τρέχει.
499 3743 539 3808 cf.
573 3742 693 3807 Herod.
728 3743 800 3808 Lib.
833 3743 931 3809 VIII.
963 3746 1087 3808 ο.102.
1117 3742 1296 3818 πολλοὺς

314 3897 467 3966 πολλάκις
497 3892 664 3968 οῐχῶνιις
699 3890 947 3972 δραμέονται
979 3896 1047 3972 περὶ
1072 3889 1175 3973 σφέων
1197 3893 1298 3956 αὐτῶν

313 4042 338 4107 ον’
359 4045 523 4116 Ἕλληνος.
548 4041 685 4107 Videtur
707 4042 787 4107 haec
798 4043 880 4107 ratio
891 4041 1015 4106 dicendi
1027 4042 1184 4129 imprimis
1196 4037 1297 4128 pebifa

311 4214 353 4258 ex
375 4190 477 4257 Ibade
499 4191 571 4256 Lib.
596 4190 710 4256 XXII.
738 4194 809 4257 161.

352 4340 441 4407 ἄλλα
473 4345 563 4422 περὶ
595 4347 731 4424 ψυχῆς
762 4345 852 4411 θέον
873 4343 1017 4422 Ἕκτορος
1040 4339 1234 4422 ἱπποδάμοιο.
