<?xml version="1.0" encoding="UTF-8"?>
<!DOCTYPE html PUBLIC "-//W3C//DTD XHTML 1.0 Transitional//EN"
    "http://www.w3.org/TR/xhtml1/DTD/xhtml1-transitional.dtd">
<html xmlns="http://www.w3.org/1999/xhtml" xml:lang="en" lang="en">
 <head>
  <title>
</title>
<meta http-equiv="Content-Type" content="text/html;charset=utf-8" />
  <meta name='ocr-system' content='tesseract 3.04.00' />
  <meta name='ocr-capabilities' content='ocr_page ocr_carea ocr_par ocr_line ocrx_word'/>
</head>
<body>
  <div class='ocr_page' id='page_1' title='image "./observationesad00smitgoog_0072.png"; bbox 0 0 3276 5188; ppageno 0'>
   <div class='ocr_carea' id='block_1_1' title="bbox 756 665 795 727">
    <p class='ocr_par' dir='ltr' id='par_1_1' title="bbox 756 665 795 727">
     <span class='ocr_line' id='line_1_1' title="bbox 756 665 795 727; baseline 0 0"><span class='ocrx_word' id='word_1_1' title='bbox 756 665 795 727; x_wconf 78' lang='lat'>57</span> 
     </span>
    </p>
   </div>
   <div class='ocr_carea' id='block_1_2' title="bbox 286 889 1268 1268">
    <p class='ocr_par' dir='ltr' id='par_1_2' title="bbox 286 889 1268 1268">
     <span class='ocr_line' id='line_1_2' title="bbox 286 889 1267 976; baseline 0 -22"><span class='ocrx_word' id='word_1_2' title='bbox 286 889 428 955; x_wconf 85' lang='lat' dir='ltr'>videntes</span> <span class='ocrx_word' id='word_1_3' title='bbox 458 890 492 954; x_wconf 92' lang='lat' dir='ltr'>in</span> <span class='ocrx_word' id='word_1_4' title='bbox 527 911 636 975; x_wconf 85' lang='lat' dir='ltr'>pugna</span> <span class='ocrx_word' id='word_1_5' title='bbox 661 890 815 972; x_wconf 83' lang='lat' dir='ltr'>stataria,</span> <span class='ocrx_word' id='word_1_6' title='bbox 838 889 980 954; x_wconf 89' lang='lat' dir='ltr'>cominus</span> <span class='ocrx_word' id='word_1_7' title='bbox 1005 911 1149 976; x_wconf 84' lang='lat' dir='ltr'>pugnare</span> <span class='ocrx_word' id='word_1_8' title='bbox 1171 889 1267 954; x_wconf 87' lang='lat' dir='ltr'>desti·</span> 
     </span>
     <span class='ocr_line' id='line_1_3' title="bbox 287 1019 1268 1125; baseline -0.005 -18"><span class='ocrx_word' id='word_1_9' title='bbox 287 1047 394 1107; x_wconf 87' lang='lat' dir='ltr'>terunt</span> <span class='ocrx_word' id='word_1_10' title='bbox 426 1045 458 1103; x_wconf 85' lang='lat' dir='ltr'>et</span> <span class='ocrx_word' id='word_1_11' title='bbox 484 1039 608 1124; x_wconf 86' lang='lat' dir='ltr'>longius</span> <span class='ocrx_word' id='word_1_12' title='bbox 631 1041 790 1125; x_wconf 79' lang='lat' dir='ltr'>progressi</span> <span class='ocrx_word' id='word_1_13' title='bbox 813 1040 936 1104; x_wconf 91' lang='lat' dir='ltr'>eminus</span> <span class='ocrx_word' id='word_1_14' title='bbox 959 1019 1032 1103; x_wconf 88' lang='lat' dir='ltr'>eum</span> <span class='ocrx_word' id='word_1_15' title='bbox 1055 1039 1158 1104; x_wconf 84' lang='lat' dir='ltr'>adorti</span> <span class='ocrx_word' id='word_1_16' title='bbox 1184 1043 1268 1102; x_wconf 91' lang='lat' dir='ltr'>suut.</span> 
     </span>
     <span class='ocr_line' id='line_1_4' title="bbox 287 1185 1268 1268; baseline -0.004 -14"><span class='ocrx_word' id='word_1_17' title='bbox 287 1212 313 1254; x_wconf 87' lang='lat' dir='ltr'>c.</span> <span class='ocrx_word' id='word_1_18' title='bbox 338 1192 379 1253; x_wconf 82' lang='lat'>26</span> <span class='ocrx_word' id='word_1_19' title='bbox 414 1187 551 1266; x_wconf 74' lang='grc' dir='ltr'><em>ἔβαλλον</em></span> <span class='ocrx_word' id='word_1_20' title='bbox 572 1187 597 1252; x_wconf 87' lang='grc' dir='ltr'>οί</span> <span class='ocrx_word' id='word_1_21' title='bbox 621 1187 678 1266; x_wconf 81' lang='grc' dir='ltr'>μὲν</span> <span class='ocrx_word' id='word_1_22' title='bbox 700 1186 854 1260; x_wconf 73' lang='grc' dir='ltr'><em>σαυνίοις,</em></span> <span class='ocrx_word' id='word_1_23' title='bbox 880 1187 905 1252; x_wconf 90' lang='grc' dir='ltr'>οί</span> <span class='ocrx_word' id='word_1_24' title='bbox 929 1187 960 1252; x_wconf 75' lang='grc' dir='ltr'>δὲ</span> <span class='ocrx_word' id='word_1_25' title='bbox 983 1186 1160 1268; x_wconf 81' lang='grc' dir='ltr'><em>χὲρμαοιν,</em></span> <span class='ocrx_word' id='word_1_26' title='bbox 1187 1187 1212 1252; x_wconf 80' lang='grc' dir='ltr'>οἱ</span> <span class='ocrx_word' id='word_1_27' title='bbox 1238 1185 1268 1250; x_wconf 74' lang='grc' dir='ltr'>δὲ</span> 
     </span>
    </p>
   </div>
   <div class='ocr_carea' id='block_1_3' title="bbox 285 1336 1267 1422">
    <p class='ocr_par' dir='ltr' id='par_1_3' title="bbox 285 1336 1267 1422">
     <span class='ocr_line' id='line_1_5' title="bbox 285 1336 1267 1422; baseline -0.002 -22"><span class='ocrx_word' id='word_1_28' title='bbox 285 1336 397 1413; x_wconf 64' lang='grc' dir='ltr'><em>ξύλοις.</em></span> <span class='ocrx_word' id='word_1_29' title='bbox 434 1336 539 1401; x_wconf 82' lang='lat' dir='ltr'>Caede</span> <span class='ocrx_word' id='word_1_30' title='bbox 568 1341 752 1422; x_wconf 84' lang='lat' dir='ltr'>perpetrata</span> <span class='ocrx_word' id='word_1_31' title='bbox 783 1338 817 1400; x_wconf 93' lang='lat' dir='ltr'>in</span> <span class='ocrx_word' id='word_1_32' title='bbox 840 1343 945 1401; x_wconf 88' lang='lat' dir='ltr'>castra</span> <span class='ocrx_word' id='word_1_33' title='bbox 967 1337 1086 1401; x_wconf 84' lang='lat' dir='ltr'>reversi</span> <span class='ocrx_word' id='word_1_34' title='bbox 1108 1356 1267 1401; x_wconf 88' lang='lat' dir='ltr'>rumorem</span> 
     </span>
    </p>
   </div>
   <div class='ocr_carea' id='block_1_4' title="bbox 286 1483 1268 1571">
    <p class='ocr_par' dir='ltr' id='par_1_4' title="bbox 286 1483 1268 1571">
     <span class='ocr_line' id='line_1_6' title="bbox 286 1483 1268 1571; baseline -0.002 -23"><span class='ocrx_word' id='word_1_35' title='bbox 286 1492 442 1571; x_wconf 83' lang='lat' dir='ltr'>spargunt</span> <span class='ocrx_word' id='word_1_36' title='bbox 464 1485 570 1550; x_wconf 88' lang='lat' dir='ltr'>hostes</span> <span class='ocrx_word' id='word_1_37' title='bbox 592 1484 631 1549; x_wconf 97' lang='lat' dir='ltr'>de</span> <span class='ocrx_word' id='word_1_38' title='bbox 653 1486 824 1570; x_wconf 87' lang='lat' dir='ltr'>improviso</span> <span class='ocrx_word' id='word_1_39' title='bbox 846 1487 1001 1570; x_wconf 85' lang='lat' dir='ltr'>impetum</span> <span class='ocrx_word' id='word_1_40' title='bbox 1020 1485 1131 1550; x_wconf 85' lang='lat' dir='ltr'>fecisse</span> <span class='ocrx_word' id='word_1_41' title='bbox 1150 1490 1182 1549; x_wconf 84' lang='lat' dir='ltr'>et</span> <span class='ocrx_word' id='word_1_42' title='bbox 1203 1483 1268 1547; x_wconf 92' lang='lat' dir='ltr'>Sic·</span> 
     </span>
    </p>
   </div>
   <div class='ocr_carea' id='block_1_5' title="bbox 273 1633 1268 4257">
    <p class='ocr_par' dir='ltr' id='par_1_5' title="bbox 273 1633 1268 4257">
     <span class='ocr_line' id='line_1_7' title="bbox 284 1633 1266 1720; baseline -0.003 -23"><span class='ocrx_word' id='word_1_43' title='bbox 284 1635 368 1698; x_wconf 90' lang='lat' dir='ltr'>cium</span> <span class='ocrx_word' id='word_1_44' title='bbox 397 1633 602 1698; x_wconf 74' lang='lat' dir='ltr'>interfecisse.</span> <span class='ocrx_word' id='word_1_45' title='bbox 639 1633 759 1698; x_wconf 85' lang='lat' dir='ltr'>Milites</span> <span class='ocrx_word' id='word_1_46' title='bbox 793 1655 870 1698; x_wconf 83' lang='lat' dir='ltr'>vero</span> <span class='ocrx_word' id='word_1_47' title='bbox 906 1634 1016 1720; x_wconf 90' lang='lat' dir='ltr'>quiin</span> <span class='ocrx_word' id='word_1_48' title='bbox 1040 1634 1152 1698; x_wconf 87' lang='lat' dir='ltr'>castris</span> <span class='ocrx_word' id='word_1_49' title='bbox 1175 1637 1266 1696; x_wconf 84' lang='lat' dir='ltr'>erant</span> 
     </span>
     <span class='ocr_line' id='line_1_8' title="bbox 283 1781 1267 1867; baseline 0 -23"><span class='ocrx_word' id='word_1_50' title='bbox 283 1781 376 1846; x_wconf 93' lang='lat' dir='ltr'>Siccii</span> <span class='ocrx_word' id='word_1_51' title='bbox 409 1787 545 1846; x_wconf 89' lang='lat' dir='ltr'>mortem</span> <span class='ocrx_word' id='word_1_52' title='bbox 579 1802 675 1866; x_wconf 84' lang='lat' dir='ltr'>aegre</span> <span class='ocrx_word' id='word_1_53' title='bbox 708 1782 847 1846; x_wconf 85' lang='lat' dir='ltr'>ferentes</span> <span class='ocrx_word' id='word_1_54' title='bbox 881 1783 990 1846; x_wconf 87' lang='lat' dir='ltr'>statim</span> <span class='ocrx_word' id='word_1_55' title='bbox 1010 1781 1108 1846; x_wconf 89' lang='lat' dir='ltr'>subiit</span> <span class='ocrx_word' id='word_1_56' title='bbox 1130 1781 1267 1867; x_wconf 88' lang='lat' dir='ltr'>suspicio</span> 
     </span>
     <span class='ocr_line' id='line_1_9' title="bbox 282 1929 1268 1996; baseline -0.003 0"><span class='ocrx_word' id='word_1_57' title='bbox 282 1952 354 1996; x_wconf 92' lang='lat' dir='ltr'>eum</span> <span class='ocrx_word' id='word_1_58' title='bbox 387 1953 451 1995; x_wconf 89' lang='lat' dir='ltr'>non</span> <span class='ocrx_word' id='word_1_59' title='bbox 485 1952 504 1994; x_wconf 90' lang='lat' dir='ltr'>a</span> <span class='ocrx_word' id='word_1_60' title='bbox 539 1930 683 1994; x_wconf 81' lang='lat' dir='ltr'>hostibus</span> <span class='ocrx_word' id='word_1_61' title='bbox 717 1929 772 1995; x_wconf 92' lang='lat' dir='ltr'>sed</span> <span class='ocrx_word' id='word_1_62' title='bbox 807 1930 878 1994; x_wconf 89' lang='lat' dir='ltr'>dolo</span> <span class='ocrx_word' id='word_1_63' title='bbox 901 1931 986 1994; x_wconf 89' lang='lat' dir='ltr'>malo</span> <span class='ocrx_word' id='word_1_64' title='bbox 1010 1953 1030 1995; x_wconf 91' lang='lat' dir='ltr'>a</span> <span class='ocrx_word' id='word_1_65' title='bbox 1053 1931 1117 1994; x_wconf 89' lang='lat' dir='ltr'>suis</span> <span class='ocrx_word' id='word_1_66' title='bbox 1141 1950 1268 1994; x_wconf 82' lang='lat' dir='ltr'>caesum</span> 
     </span>
     <span class='ocr_line' id='line_1_10' title="bbox 281 2043 1266 2164; baseline -0.001 -22"><span class='ocrx_word' id='word_1_67' title='bbox 281 2100 371 2160; x_wconf 86' lang='lat' dir='ltr'>esse,</span> <span class='ocrx_word' id='word_1_68' title='bbox 410 2079 494 2164; x_wconf 90' lang='lat' dir='ltr'>quod</span> <span class='ocrx_word' id='word_1_69' title='bbox 516 2080 635 2142; x_wconf 92' lang='lat' dir='ltr'>nullius</span> <span class='ocrx_word' id='word_1_70' title='bbox 659 2079 759 2144; x_wconf 86' lang='lat' dir='ltr'>hostis</span> <span class='ocrx_word' id='word_1_71' title='bbox 783 2080 876 2143; x_wconf 90' lang='lat' dir='ltr'>occisi</span> <span class='ocrx_word' id='word_1_72' title='bbox 900 2078 1036 2143; x_wconf 85' lang='lat' dir='ltr'>cadaver</span> <span class='ocrx_word' id='word_1_73' title='bbox 1058 2043 1266 2143; x_wconf 80' lang='lat' dir='ltr'>inveniretur.</span> 
     </span>
     <span class='ocr_line' id='line_1_11' title="bbox 281 2225 1266 2292; baseline 0.002 -2"><span class='ocrx_word' id='word_1_74' title='bbox 281 2225 303 2290; x_wconf 84' lang='lat' dir='ltr'>J</span> <span class='ocrx_word' id='word_1_75' title='bbox 305 2247 362 2291; x_wconf 87' lang='lat' dir='ltr'>ure</span> <span class='ocrx_word' id='word_1_76' title='bbox 391 2226 620 2291; x_wconf 80' lang='lat' dir='ltr'>existimabant</span> <span class='ocrx_word' id='word_1_77' title='bbox 652 2226 790 2291; x_wconf 79' lang='lat' dir='ltr'>Siccium</span> <span class='ocrx_word' id='word_1_78' title='bbox 820 2248 884 2291; x_wconf 92' lang='lat' dir='ltr'>non</span> <span class='ocrx_word' id='word_1_79' title='bbox 914 2228 1053 2291; x_wconf 91' lang='lat' dir='ltr'>inultum</span> <span class='ocrx_word' id='word_1_80' title='bbox 1076 2227 1266 2292; x_wconf 83' lang='lat' dir='ltr'>moriturum</span> 
     </span>
     <span class='ocr_line' id='line_1_12' title="bbox 273 2373 1267 2462; baseline 0.003 -24"><span class='ocrx_word' id='word_1_81' title='bbox 273 2373 378 2440; x_wconf 74' lang='lat' dir='ltr'>&#39;fuisse</span> <span class='ocrx_word' id='word_1_82' title='bbox 394 2377 589 2459; x_wconf 75' lang='lat' dir='ltr'>praesertim</span> <span class='ocrx_word' id='word_1_83' title='bbox 610 2396 708 2460; x_wconf 81' lang='lat' dir='ltr'>quum</span> <span class='ocrx_word' id='word_1_84' title='bbox 728 2377 869 2440; x_wconf 74' lang='lat' dir='ltr'>cominus</span> <span class='ocrx_word' id='word_1_85' title='bbox 884 2385 1067 2462; x_wconf 77' lang='grc' dir='ltr'><em>ρωρνιονοωνο</em></span> <span class='ocrx_word' id='word_1_86' title='bbox 1079 2386 1166 2442; x_wconf 81' lang='lat' dir='ltr'>esset.</span> <span class='ocrx_word' id='word_1_87' title='bbox 1181 2376 1267 2451; x_wconf 84' lang='lat' dir='ltr'>Quid</span> 
     </span>
     <span class='ocr_line' id='line_1_13' title="bbox 283 2523 1265 2609; baseline 0.002 -22"><span class='ocrx_word' id='word_1_88' title='bbox 283 2525 450 2609; x_wconf 82' lang='lat' dir='ltr'>sequitur?</span> <span class='ocrx_word' id='word_1_89' title='bbox 474 2527 515 2608; x_wconf 88' lang='lat' dir='ltr'>(c.</span> <span class='ocrx_word' id='word_1_90' title='bbox 538 2527 606 2608; x_wconf 77' lang='lat'>27.)</span> <span class='ocrx_word' id='word_1_91' title='bbox 626 2523 722 2598; x_wconf 76' lang='grc' dir='ltr'><em>αὐτὸς</em></span> <span class='ocrx_word' id='word_1_92' title='bbox 745 2547 780 2588; x_wconf 78' lang='grc' dir='ltr'>τε</span> <span class='ocrx_word' id='word_1_93' title='bbox 803 2523 865 2604; x_wconf 73' lang='grc' dir='ltr'><em>γαρ</em></span> <span class='ocrx_word' id='word_1_94' title='bbox 889 2524 902 2590; x_wconf 78' lang='grc' dir='ltr'><em>ὃ</em></span> <span class='ocrx_word' id='word_1_95' title='bbox 928 2525 1049 2599; x_wconf 77' lang='grc' dir='ltr'><em>Σίκκιος</em></span> <span class='ocrx_word' id='word_1_96' title='bbox 1063 2525 1185 2600; x_wconf 74' lang='grc' dir='ltr'><em>πολλαὶς</em></span> <span class='ocrx_word' id='word_1_97' title='bbox 1197 2529 1265 2607; x_wconf 81' lang='grc' dir='ltr'><em>εἶχε</em></span> 
     </span>
     <span class='ocr_line' id='line_1_14' title="bbox 282 2669 1263 2754; baseline 0.005 -21"><span class='ocrx_word' id='word_1_98' title='bbox 282 2669 421 2748; x_wconf 75' lang='grc' dir='ltr'><em>πλνγοίς,</em></span> <span class='ocrx_word' id='word_1_99' title='bbox 443 2671 502 2746; x_wconf 72' lang='grc' dir='ltr'>τοὶς</span> <span class='ocrx_word' id='word_1_100' title='bbox 522 2672 578 2750; x_wconf 83' lang='grc' dir='ltr'>μὲν</span> <span class='ocrx_word' id='word_1_101' title='bbox 591 2673 649 2738; x_wconf 80' lang='grc' dir='ltr'>ὑπὸ</span> <span class='ocrx_word' id='word_1_102' title='bbox 660 2673 843 2754; x_wconf 80' lang='grc' dir='ltr'><em>χερμοίδων,</em></span> <span class='ocrx_word' id='word_1_103' title='bbox 858 2672 917 2745; x_wconf 74' lang='grc' dir='ltr'>τοὶς</span> <span class='ocrx_word' id='word_1_104' title='bbox 931 2673 957 2738; x_wconf 90' lang='grc' dir='ltr'>δ’</span> <span class='ocrx_word' id='word_1_105' title='bbox 971 2675 1028 2740; x_wconf 80' lang='grc' dir='ltr'>ὑπὸ</span> <span class='ocrx_word' id='word_1_106' title='bbox 1042 2673 1169 2740; x_wconf 84' lang='grc' dir='ltr'><em>σαυνίων</em></span> <span class='ocrx_word' id='word_1_107' title='bbox 1184 2729 1191 2754; x_wconf 91' lang='grc'><em>,</em></span> <span class='ocrx_word' id='word_1_108' title='bbox 1204 2675 1263 2750; x_wconf 74' lang='grc' dir='ltr'>τοὶς</span> 
     </span>
     <span class='ocr_line' id='line_1_15' title="bbox 280 2821 1263 2904; baseline 0.001 -20"><span class='ocrx_word' id='word_1_109' title='bbox 280 2821 306 2884; x_wconf 84' lang='grc' dir='ltr'>δ’</span> <span class='ocrx_word' id='word_1_110' title='bbox 330 2822 387 2886; x_wconf 63' lang='lat' dir='ltr'>tet</span> <span class='ocrx_word' id='word_1_111' title='bbox 410 2827 594 2904; x_wconf 82' lang='grc' dir='ltr'><em>μαχαιρῶν,</em></span> <span class='ocrx_word' id='word_1_112' title='bbox 619 2825 672 2886; x_wconf 84' lang='grc' dir='ltr'><em>καί</em></span> <span class='ocrx_word' id='word_1_113' title='bbox 696 2823 709 2887; x_wconf 83' lang='grc' dir='ltr'><em>ί</em></span> <span class='ocrx_word' id='word_1_114' title='bbox 733 2823 945 2897; x_wconf 67' lang='grc' dir='ltr'><em>ὑπασπιστής·</em></span> <span class='ocrx_word' id='word_1_115' title='bbox 969 2823 994 2887; x_wconf 82' lang='grc' dir='ltr'>οἷ</span> <span class='ocrx_word' id='word_1_116' title='bbox 1018 2822 1043 2886; x_wconf 89' lang='grc' dir='ltr'>δ’</span> <span class='ocrx_word' id='word_1_117' title='bbox 1067 2823 1120 2886; x_wconf 79' lang='grc' dir='ltr'>ὑπ’</span> <span class='ocrx_word' id='word_1_118' title='bbox 1146 2822 1263 2887; x_wconf 79' lang='grc' dir='ltr'><em>ἐκείνων</em></span> 
     </span>
     <span class='ocr_line' id='line_1_16' title="bbox 281 2969 1264 3052; baseline 0.002 -19"><span class='ocrx_word' id='word_1_119' title='bbox 281 2969 456 3050; x_wconf 79' lang='grc' dir='ltr'><em>οίνρρνμένοι</em></span> <span class='ocrx_word' id='word_1_120' title='bbox 476 2971 593 3046; x_wconf 76' lang='grc' dir='ltr'><em>νιοίντες</em></span> <span class='ocrx_word' id='word_1_121' title='bbox 612 2975 828 3051; x_wconf 76' lang='grc' dir='ltr'><em>μαχαιρῶν</em></span> <span class='ocrx_word' id='word_1_122' title='bbox 851 2971 868 3045; x_wconf 77' lang='grc' dir='ltr'>ἢ</span> <span class='ocrx_word' id='word_1_123' title='bbox 893 2970 1108 3052; x_wconf 86' lang='grc' dir='ltr'><em>χερμοίδων</em></span> <span class='ocrx_word' id='word_1_124' title='bbox 1134 2969 1150 3046; x_wconf 74' lang='grc' dir='ltr'>ἢ</span> <span class='ocrx_word' id='word_1_125' title='bbox 1175 2995 1264 3035; x_wconf 83' lang='grc' dir='ltr'><em>σοιν-</em></span> 
     </span>
     <span class='ocr_line' id='line_1_17' title="bbox 282 3117 1266 3199; baseline 0.001 -17"><span class='ocrx_word' id='word_1_126' title='bbox 282 3119 389 3194; x_wconf 92' lang='grc' dir='ltr'><em>νίων,</em></span> <span class='ocrx_word' id='word_1_127' title='bbox 413 3121 560 3199; x_wconf 77' lang='grc' dir='ltr'><em>βέλους</em></span> <span class='ocrx_word' id='word_1_128' title='bbox 584 3122 621 3185; x_wconf 78' lang='grc' dir='ltr'>δὲ</span> <span class='ocrx_word' id='word_1_129' title='bbox 644 3121 845 3198; x_wconf 78' lang='grc' dir='ltr'><em>οὐδεμίαν.</em></span> <span class='ocrx_word' id='word_1_130' title='bbox 870 3122 995 3186; x_wconf 86' lang='lat' dir='ltr'>Ultima</span> <span class='ocrx_word' id='word_1_131' title='bbox 1013 3122 1169 3187; x_wconf 78' lang='lat' dir='ltr'>vocabula</span> <span class='ocrx_word' id='word_1_132' title='bbox 1187 3117 1266 3184; x_wconf 83' lang='grc' dir='ltr'><em>οιοίν-</em></span> 
     </span>
     <span class='ocr_line' id='line_1_18' title="bbox 280 3269 1264 3358; baseline 0.001 -25"><span class='ocrx_word' id='word_1_133' title='bbox 280 3292 396 3344; x_wconf 82' lang='grc' dir='ltr'><em>τες-</em></span> <span class='ocrx_word' id='word_1_134' title='bbox 420 3269 563 3348; x_wconf 67' lang='grc' dir='ltr'><em>οὐδεμίαν</em></span> <span class='ocrx_word' id='word_1_135' title='bbox 587 3279 736 3358; x_wconf 83' lang='lat' dir='ltr'>corrupta</span> <span class='ocrx_word' id='word_1_136' title='bbox 760 3293 828 3336; x_wconf 91' lang='lat' dir='ltr'>esse</span> <span class='ocrx_word' id='word_1_137' title='bbox 848 3293 906 3357; x_wconf 88' lang='lat' dir='ltr'>pro</span> <span class='ocrx_word' id='word_1_138' title='bbox 930 3277 1016 3335; x_wconf 88' lang='lat' dir='ltr'>certo</span> <span class='ocrx_word' id='word_1_139' title='bbox 1039 3270 1150 3336; x_wconf 91' lang='lat' dir='ltr'>habeo.</span> <span class='ocrx_word' id='word_1_140' title='bbox 1180 3271 1264 3334; x_wconf 88' lang='lat' dir='ltr'>Mili·</span> 
     </span>
     <span class='ocr_line' id='line_1_19' title="bbox 278 3420 1263 3507; baseline 0.002 -24"><span class='ocrx_word' id='word_1_141' title='bbox 278 3420 364 3484; x_wconf 90' lang='lat' dir='ltr'>tibus</span> <span class='ocrx_word' id='word_1_142' title='bbox 386 3421 456 3506; x_wconf 83' lang='lat' dir='ltr'>ipsa</span> <span class='ocrx_word' id='word_1_143' title='bbox 478 3427 675 3486; x_wconf 84' lang='lat' dir='ltr'>mortuorum</span> <span class='ocrx_word' id='word_1_144' title='bbox 698 3423 831 3486; x_wconf 84' lang='lat' dir='ltr'>vulnera</span> <span class='ocrx_word' id='word_1_145' title='bbox 853 3443 916 3486; x_wconf 90' lang='lat' dir='ltr'>non</span> <span class='ocrx_word' id='word_1_146' title='bbox 936 3427 1068 3507; x_wconf 87' lang='lat' dir='ltr'>possunt</span> <span class='ocrx_word' id='word_1_147' title='bbox 1087 3443 1151 3486; x_wconf 90' lang='lat' dir='ltr'>non</span> <span class='ocrx_word' id='word_1_148' title='bbox 1170 3421 1263 3486; x_wconf 89' lang='lat' dir='ltr'>docu-</span> 
     </span>
     <span class='ocr_line' id='line_1_20' title="bbox 277 3571 1263 3657; baseline 0.003 -25"><span class='ocrx_word' id='word_1_149' title='bbox 277 3574 384 3634; x_wconf 89' lang='lat' dir='ltr'>mento</span> <span class='ocrx_word' id='word_1_150' title='bbox 415 3591 483 3635; x_wconf 89' lang='lat' dir='ltr'>esse</span> <span class='ocrx_word' id='word_1_151' title='bbox 508 3571 649 3635; x_wconf 91' lang='lat' dir='ltr'>cominus</span> <span class='ocrx_word' id='word_1_152' title='bbox 673 3592 741 3636; x_wconf 90' lang='lat' dir='ltr'>esse</span> <span class='ocrx_word' id='word_1_153' title='bbox 765 3577 965 3657; x_wconf 84' lang='lat' dir='ltr'>pugnatum3</span> <span class='ocrx_word' id='word_1_154' title='bbox 989 3572 1154 3655; x_wconf 80' lang='lat' dir='ltr'>inprime</span> <span class='ocrx_word' id='word_1_155' title='bbox 1179 3573 1263 3636; x_wconf 90' lang='lat' dir='ltr'>enim</span> 
     </span>
     <span class='ocr_line' id='line_1_21' title="bbox 278 3715 1262 3806; baseline 0.005 -25"><span class='ocrx_word' id='word_1_156' title='bbox 278 3739 405 3802; x_wconf 87' lang='lat' dir='ltr'>pugnae</span> <span class='ocrx_word' id='word_1_157' title='bbox 428 3725 540 3804; x_wconf 78' lang='lat' dir='ltr'>parte,</span> <span class='ocrx_word' id='word_1_158' title='bbox 564 3715 610 3784; x_wconf 82' lang='lat' dir='ltr'>ut</span> <span class='ocrx_word' id='word_1_159' title='bbox 623 3741 665 3784; x_wconf 81' lang='lat' dir='ltr'>ex</span> <span class='ocrx_word' id='word_1_160' title='bbox 686 3718 950 3806; x_wconf 85' lang='lat' dir='ltr'>praecedentibus</span> <span class='ocrx_word' id='word_1_161' title='bbox 976 3727 1127 3806; x_wconf 87' lang='lat' dir='ltr'>apparet,</span> <span class='ocrx_word' id='word_1_162' title='bbox 1142 3721 1262 3786; x_wconf 79' lang='lat' dir='ltr'>Siccius</span> 
     </span>
     <span class='ocr_line' id='line_1_22' title="bbox 276 3866 1260 3956; baseline 0.005 -26"><span class='ocrx_word' id='word_1_163' title='bbox 276 3866 457 3952; x_wconf 89' lang='lat' dir='ltr'>quindecim</span> <span class='ocrx_word' id='word_1_164' title='bbox 469 3868 665 3953; x_wconf 88' lang='lat' dir='ltr'>proditorum</span> <span class='ocrx_word' id='word_1_165' title='bbox 676 3870 879 3935; x_wconf 83' lang='lat' dir='ltr'>interiecerat</span> <span class='ocrx_word' id='word_1_166' title='bbox 892 3876 923 3934; x_wconf 87' lang='lat' dir='ltr'>ct</span> <span class='ocrx_word' id='word_1_167' title='bbox 936 3869 1033 3956; x_wconf 90' lang='lat' dir='ltr'>duplo</span> <span class='ocrx_word' id='word_1_168' title='bbox 1047 3871 1184 3955; x_wconf 90' lang='lat' dir='ltr'>majores</span> <span class='ocrx_word' id='word_1_169' title='bbox 1192 3873 1260 3935; x_wconf 86' lang='lat' dir='ltr'>vul·</span> 
     </span>
     <span class='ocr_line' id='line_1_23' title="bbox 278 4017 1261 4100; baseline 0.005 -19"><span class='ocrx_word' id='word_1_170' title='bbox 278 4023 467 4100; x_wconf 79' lang='lat' dir='ltr'>ncraverat3</span> <span class='ocrx_word' id='word_1_171' title='bbox 499 4017 555 4083; x_wconf 91' lang='lat' dir='ltr'>sed</span> <span class='ocrx_word' id='word_1_172' title='bbox 576 4019 683 4082; x_wconf 94' lang='lat' dir='ltr'>nullus</span> <span class='ocrx_word' id='word_1_173' title='bbox 706 4040 808 4084; x_wconf 86' lang='lat' dir='ltr'>sermo</span> <span class='ocrx_word' id='word_1_174' title='bbox 831 4026 879 4084; x_wconf 87' lang='lat' dir='ltr'>est</span> <span class='ocrx_word' id='word_1_175' title='bbox 903 4032 977 4085; x_wconf 92' lang='lat' dir='ltr'>eum</span> <span class='ocrx_word' id='word_1_176' title='bbox 1000 4022 1086 4086; x_wconf 81' lang='lat' dir='ltr'>saxis</span> <span class='ocrx_word' id='word_1_177' title='bbox 1109 4023 1206 4086; x_wconf 87' lang='lat' dir='ltr'>etiam</span> <span class='ocrx_word' id='word_1_178' title='bbox 1230 4029 1261 4087; x_wconf 89' lang='lat' dir='ltr'>et</span> 
     </span>
     <span class='ocr_line' id='line_1_24' title="bbox 273 4166 1263 4257; baseline 0.005 -26"><span class='ocrx_word' id='word_1_179' title='bbox 273 4167 389 4251; x_wconf 89' lang='lat' dir='ltr'>jaculis</span> <span class='ocrx_word' id='word_1_180' title='bbox 411 4166 608 4232; x_wconf 86' lang='lat' dir='ltr'>adversarios</span> <span class='ocrx_word' id='word_1_181' title='bbox 628 4188 701 4232; x_wconf 87' lang='lat' dir='ltr'>suos</span> <span class='ocrx_word' id='word_1_182' title='bbox 721 4170 845 4234; x_wconf 79' lang='lat' dir='ltr'>eminus</span> <span class='ocrx_word' id='word_1_183' title='bbox 864 4169 1003 4254; x_wconf 87' lang='lat' dir='ltr'>petiisse.</span> <span class='ocrx_word' id='word_1_184' title='bbox 1026 4169 1145 4236; x_wconf 91' lang='lat' dir='ltr'>Omnes</span> <span class='ocrx_word' id='word_1_185' title='bbox 1165 4172 1263 4257; x_wconf 85' lang='lat' dir='ltr'>igitur</span> 
     </span>
    </p>
   </div>
   <div class='ocr_carea' id='block_1_6' title="bbox 279 4317 1263 4408">
    <p class='ocr_par' dir='ltr' id='par_1_6' title="bbox 279 4317 1263 4408">
     <span class='ocr_line' id='line_1_25' title="bbox 279 4317 1263 4408; baseline 0.004 -28"><span class='ocrx_word' id='word_1_186' title='bbox 279 4322 439 4399; x_wconf 87' lang='lat' dir='ltr'>mortuos,</span> <span class='ocrx_word' id='word_1_187' title='bbox 473 4322 600 4402; x_wconf 81' lang='lat' dir='ltr'>praeter</span> <span class='ocrx_word' id='word_1_188' title='bbox 633 4319 738 4404; x_wconf 89' lang='lat' dir='ltr'>ipsum</span> <span class='ocrx_word' id='word_1_189' title='bbox 763 4317 901 4386; x_wconf 82' lang='lat' dir='ltr'>Siccium</span> <span class='ocrx_word' id='word_1_190' title='bbox 921 4326 953 4386; x_wconf 87' lang='lat' dir='ltr'>ct</span> <span class='ocrx_word' id='word_1_191' title='bbox 976 4321 1045 4406; x_wconf 87' lang='lat' dir='ltr'>ejus</span> <span class='ocrx_word' id='word_1_192' title='bbox 1068 4321 1263 4408; x_wconf 80' lang='lat' dir='ltr'>armigerum</span> 
     </span>
    </p>
   </div>
   <div class='ocr_carea' id='block_1_7' title="bbox 0 0 1642 5188">
    <p class='ocr_par' dir='ltr' id='par_1_7' title="bbox 0 0 1642 5188">
     <span class='ocr_line' id='line_1_26' title="bbox 0 0 1642 5188; baseline 0 3"><span class='ocrx_word' id='word_1_193' title='bbox 0 0 1642 5188; x_wconf 95' lang='lat' dir='ltr'> </span> 
     </span>
    </p>
   </div>
  </div>
 </body>
</html>
