3276 5188
754 651 861 721 ’58

346 899 409 944 non
437 881 498 945 nisi
521 879 700 966 gladiorum
722 882 856 948 vulnera
879 882 1050 950 habebant.
1075 884 1270 968 Praeterea,
1296 891 1333 948 ut

344 1027 405 1094 hoc
437 1049 536 1094 unum
572 1028 708 1114 addam,
742 1038 947 1117 opponuntur
980 1033 1065 1099 inter
1099 1055 1167 1099 sese
1199 1035 1334 1098 vulnera

345 1177 439 1244 Siccii
462 1184 494 1246 ct
516 1180 585 1264 cjus
608 1181 757 1266 armigeri
781 1187 813 1246 ct
835 1181 970 1246 vulnera
992 1187 1191 1266 ceterorum
1212 1183 1333 1247 sivero

344 1327 463 1414 pariter
497 1347 607 1392 omncs
641 1326 751 1393 eadam
784 1329 908 1394 rationo
944 1330 1103 1395 vulnerati
1130 1335 1204 1394 sunt
1226 1331 1333 1395 nullus

345 1478 535 1564 oppositioni
568 1478 655 1542 locus
689 1499 758 1544 assa
789 1483 904 1565 potest.
929 1478 1048 1544 Libens
1072 1480 1172 1565 igitur
1197 1479 1334 1565 amplec-

345 1633 394 1693 tor
435 1627 527 1694 Porti
559 1628 774 1712 conjecturam
809 1628 864 1713 qui
897 1628 1003 1693 locum
1039 1627 1249 1714 depravatum
1289 1629 1333 1692 sic

344 1776 492 1842 amandat
521 1782 553 1842 at
584 1778 713 1862 expict:
739 1779 854 1850 πάντες
877 1779 1045 1857 μαχοοιρῶν
1070 1775 1140 1853 μέν,
1165 1774 1327 1856 χερμάδων

343 1923 374 1988 δὲ
398 1923 414 1998 ἢ
440 1923 568 1990 σοοννέοιν
593 1923 609 1998 ἢ
632 1925 744 2002 tis'acog
767 1925 912 2003 οὐδεμίαν
934 1923 1060 2003 πληγὴν
1085 1919 1180 2004 εἶχον.

387 2073 459 2139 Lib.
494 2072 555 2140 XI.
586 2096 613 2140 c.
637 2063 830 2147 abactam
853 2072 984 2139 κύουσαν
1009 2075 1025 2149 ἡ
1051 2071 1228 2152 Οὐεργινίου
1251 2073 1328 2149 χννίρ

347 2261 388 2271 -
411 2221 591 2287 εἷσοδέοιν
615 2217 707 2288 οὖσοιν
732 2229 792 2288 oct.
814 2223 929 2288 Melius
949 2223 1159 2310 mcaquidcm
1173 2225 1332 2288 sententia

346 2371 480 2445 εἷσοδιον;
502 2372 603 2436 forma
622 2373 729 2438 femin.
746 2393 817 2458 gen.
839 2371 934 2457 hujus
954 2372 1118 2455 vocabuli,
1138 2371 1200 2436 nisi
1219 2370 1329 2453 fallor,

346 2541 410 2586 non
431 2520 611 2586 adhibetur.

389 2669 461 2734 Lib.
496 2668 558 2734 XI.
591 2689 659 2755 cap.
692 2671 744 2734 34.
766 2671 916 2732 τεκοῦσαν
939 2667 995 2744 μὲν
1019 2665 1082 2747 γὰρ
1105 2671 1244 2744 ἀνάγκην
1266 2671 1328 2732 τῶν

344 2821 455 2887 τέκνων
489 2820 682 2899 δεομέννν
716 2819 856 2900 στέργειν
890 2821 944 2882 aaz
981 2817 1125 2904 τρέφειν,
1155 2825 1172 2884 ὅ
1199 2841 1229 2882 τι
1251 2815 1326 2890 civi

343 2975 439 3058 <paim
475 2971 633 3057 ἐξενέγκῃ.
671 2929 766 3037 Jurc
784 2971 950 3056 Kicssling
973 2970 1006 3034 in
1030 2971 1248 3037 Adnotationc
1271 2990 1330 3034 sua

346 3123 455 3188 critica
489 3122 636 3187 observat
666 3126 727 3184 τῶν
764 3120 875 3185 τέκνον
906 3119 1046 3199 δεομένην
1069 3123 1126 3186 vix
1149 3113 1227 3185 sana
1250 3140 1328 3184 csse.

344 3270 531 3335 Inauditum
564 3270 649 3336 enim
672 3277 720 3335 est
743 3276 878 3335 matrem
901 3270 961 3336 hac
985 3271 1023 3336 de
1046 3291 1142 3337 causa
1165 3292 1272 3336 amare
1296 3276 1328 3334 ct

293 3399 296 3406 ,
343 3424 428 3488 clarc
460 3419 669 3507 quodcunque
693 3420 722 3484 ci
744 3425 861 3485 natura
883 3418 1071 3506 produxerit
1085 3435 1192 3505 ‘qaum
1216 3418 1327 3483 liberis

344 3571 489 3656 iadipeot
496 3595 509 3653 ;
531 3576 733 3657 exspectares
745 3570 865 3656 aliquid
878 3569 1096 3654 hujuscemodi
1109 3591 1178 3634 eom
1189 3577 1326 3634 cataroe

242 3811 246 3816 .
342 3723 525 3786 necessitate
557 3741 621 3785 asae
654 3722 793 3785 cinctam
812 3729 841 3784 et
860 3721 1036 3785 astrictam.
1057 3719 1173 3784 Melius
1194 3720 1328 3783 fortasse

342 3871 466 3953 οὶνάγκῃ
491 3870 550 3933 τῶν
573 3868 683 3933 τέκνοιν
709 3869 878 3950 ε’χομένννς
906 3870 962 3934 sad
985 3869 1065 3934 nihil
1090 3870 1150 3934 hac
1169 3871 1202 3934 in
1223 3890 1328 3955 repro

342 4025 428 4084 carto
451 4019 612 4084 affirmare
634 4018 744 4084 audeo.

384 4168 456 4233 Lib.
482 4168 580 4234 XIII.
605 4191 630 4234 c.
656 4173 686 4234 4.
709 4171 847 4254 τοσοοιέτρρ
871 4173 932 4234 τῶν
954 4193 991 4234 τε
1015 4170 1174 4247 ποταμίων
1194 4174 1247 4233 asi
1262 4172 1325 4232 τῶν

341 4313 445 4380 ἄλλων
469 4315 615 4393 νοομοὶτιον
641 4318 794 4400 ἐσέλειψι,·
819 4319 957 4403 ἐγένετο,
1080 4319 1169 4402 η’νίκα
1182 4323 1325 4396 μάλιστα
1414 4357 1416 4362 -
