3276 5188
813 685 854 748 68

382 909 453 974 Lib.
478 909 539 974 IV.
565 931 591 974 1.
619 912 669 974 53.
695 907 848 983 πολλάκις
860 908 891 974 δὲ
903 909 929 974 αι’
948 912 1091 986 Ῥωμαῖοι
1103 909 1174 985 τοὺς
1188 909 1324 988 Γαβίους

339 1059 539 1133 ὠσάμενοι
576 1064 630 1122 καὶ
665 1057 931 1133 κατακλείσαντες
966 1062 1010 1133 ε“ς
1044 1060 1099 1134 τὴν
1130 1058 1234 1143 πόλιν,
1258 1058 1322 1123 κτὲ.

340 1207 472 1273 Latine:
505 1231 600 1297 saepe
622 1209 760 1275 Romani
784 1209 1036 1294 (111111ραί111,
1057 1229 1121 1294 eqs.
1142 1209 1213 1273 Hoc
1230 1230 1325 1273 sensu

341 1357 494 1424 ὠθεῖσθαι
519 1365 551 1423 11
575 1360 716 1424 activum
741 1359 831 1424 ὠθεῖν
854 1357 933 1422 mihi
956 1359 1105 1423 videntur
1127 1365 1201 1423 ante
1213 1379 1322 1434 omnes

339 1506 500 1572 Homerus
524 1514 556 1572 et
579 1507 707 1594 Tragici
729 1508 890 1574 adhibere.
914 1508 998 1573 Vide
1020 1507 1113 1573 Iliad.
1137 1507 1234 1572 VIII.
1249 1511 1322 1573 336.

383 1656 408 1720 oi
432 1655 458 1720 δ’
481 1656 553 1731 ἰθὺς
576 1660 702 1738 τάφροιο
723 1655 859 1734 βαθείας
881 1652 961 1720 ὦσαν
985 1654 1146 1736 Ἀχαιούς·

339 1802 423 1868 Iliad
446 1804 507 1869 XI.
533 1809 616 1888 803,
641 1809 714 1871 804.

382 1956 468 2016 Ῥεῖα
491 1951 523 2016 δέ
547 1955 576 2017 κ’
600 1955 740 2032 ἀκμῆτες
760 1959 937 2033 κεκμηότας
960 1953 1070 2036 ἄνδρας
1097 1957 1177 2036 allisa

382 2100 520 2169 ὤσαισθε
547 2108 634 2183 προτὶ
659 2101 740 2168 ἄστυ
763 2109 837 2169 νεῶν
859 2103 921 2170 ο”ιτο
947 2109 1000 2169 καὶ
1024 2104 1179 2170 κλισιάων.

343 2252 440 2338 Soph.
465 2253 545 2319 Oed.
569 2254 611 2318 R.
636 2257 709 2319 241.

383 2398 473 2465 ὠθεῖν
496 2400 523 2464 δ’
546 2401 602 2465 ἀπ’
625 2400 710 2465 οἴκων
734 2407 877 2476 πάντας,
904 2401 943 2475 ὡς
966 2399 1148 2479 μιάσματος

383 2551 463 2614 τοῦδ’
489 2549 562 2632 ἡμὶν
587 2549 679 2624 ὄντος.

383 2700 455 2765 Lib.
480 2699 540 2765 IV.
564 2721 591 2764 1.
618 2703 667 2764 75.
694 2697 746 2763 καὶ
769 2699 811 2762 τοὶ
836 2699 971 2777 δόξαντα
996 2709 1034 2781 τῇ
1057 2699 1157 2781 βουλῇ
1180 2699 1322 2781 φέρειν

339 2850 382 2924 εἷς
413 2849 464 2914 τὸν
495 2848 599 2926 δῆμον.
629 2848 804 2936 Dionysius
827 2856 959 2915 conatus
982 2856 1030 2915 est
1055 2850 1176 2915 Graece
1199 2856 1323 2915 vertere

340 2999 424 3086 quod
458 2999 596 3064 Romani
620 2999 728 3064 dieunt
751 3001 838 3083 ferre
860 3000 902 3065 ad
924 3001 1087 3086 populum.
1113 2999 1228 3064 Graeci
1249 3020 1325 3064 vero

338 3153 372 3215 in
404 3150 461 3215 tali
484 3172 520 3216 re
544 3155 680 3214 utuntur
704 3151 877 3248 composito
900 3148 1070 3233 ἐκφέρειν,
1096 3155 1132 3214 11
1156 3150 1321 3214 Demosth.

341 3306 451 3365 eontra
475 3299 634 3364 Neaeram
656 3322 725 3386 cap.
750 3303 843 3364 4.-
867 3304 919 3362 καὶ
942 3298 1087 3376 ἐξήνεγκε
1103 3297 1323 3378 προβούλευμα

337 3449 380 3522 εἱς
402 3448 453 3512 τὸν
482 3447 586 3528 δῆμον,
611 3427 675 3515 xri.

382 3596 453 3661 Lib.
490 3597 532 3662 V.
568 3619 594 3662 1.
631 3601 659 3660 1.
690 3601 744 3660 καὶ
768 3595 853 3674 μετοὶ
876 3602 963 3662 τοῦτο
983 3598 1166 3679 καθαρμοὺς
1189 3606 1243 3680 τῆς
1267 3599 1323 3664 τό·

337 3761 414 3822 λεως
437 3751 633 3825 τοικοάμενοι
657 3749 711 3809 καὶ
735 3751 848 3826 ὅρκια
878 3746 1082 3824 ταμόντες
1105 3751 1157 3833 (11.
1183 3749 1254 3814 Lib.
1278 3749 1322 3814 X.

338 3921 364 3963 1.
392 3900 458 3980 59.)
493 3897 585 3962 Η111
608 3898 722 3961 ultima
744 3895 909 3962 Herodoto
933 3919 996 3962 non
1018 3899 1150 3984 ignota,
1176 3900 1323 3984 frequen·

339 4047 462 4111 tissime
485 4052 593 4111 tamen
622 4054 755 4133 usurpat
778 4048 939 4114 Homerus
962 4057 998 4113 ut
1022 4048 1114 4113 Iliad.
1139 4049 1184 4113 II.
1210 4051 1281 4112 124.

383 4192 467 4273 εἴπερ
490 4192 552 4272 γάρ
574 4194 603 4257 κ’
629 4193 788 4272 ἐθέλοιμεν
813 4197 941 4275 Ἀχαιοί
962 4221 996 4262 τε
1019 4197 1121 4277 Τρῶές
1145 4221 1201 4284 τε,

380 4345 466 4422 ὅρκια
491 4341 590 4407 τιττοὶ
610 4347 776 4421 ταμόντες,
798 4347 1045 4426 ἀριθμηθήμεναι
1065 4343 1175 4430 ἄμφω,
1195 4347 1260 4414 κτὲ.
