3276 5188
730 686 768 746 19

257 906 425 988 ὁριζομένης
448 909 584 982 πόλεως,
610 899 662 972 nui
685 905 752 986 τερδ
776 913 837 970 τῶν
862 906 905 979 εἰς
928 913 1016 970 τοῐιτο
1040 927 1241 978 καταστήσα-

257 1054 354 1132 μένων
391 1055 486 1129 αιἰτήν
508 1057 542 1121 τδ
569 1055 694 1133 οέξίοιμα
718 1053 873 1132 ήγεριήνιον
897 1045 918 1117 οδ
940 1053 988 1128 τίς
1010 1055 1064 1118 οὐκ
1086 1051 1124 1117 ἂν
1148 1075 1241 1118 σπον-

257 1204 364 1288 διἰσειε1
387 1205 431 1282 μή
457 1205 580 1282 ιδγνοεῖν
601 1209 774 1286 Φιλόσοφος
797 1208 850 1287 καὶ
874 1203 1031 1278 πολιτικὸς
1052 1201 1125 1281 οξνήρ
1149 1225 1240 1277 σνγ·

258 1355 413 1434 γράφω.
447 1354 511 1419 Pro
546 1357 659 1420 ultimo
692 1355 847 1420 voeabula
882 1351 1077 1436 συγγράφοι,
1102 1350 1186 1437 quod
1208 1351 1242 1414 in

259 1503 364 1568 codiee
386 1503 545 1568 Urbinate
569 1505 703 1590 legitur,
729 1503 941 1568 Oeislinianus
964 1507 996 1565 et
1020 1500 1142 1586 Regius
1161 1498 1239 1564 dant

258 1650 544 1735 ἀποδειχθήσεται,
604 1653 773 1718 Ohisianus
826 1651 1042 1731 δειχθήσεται.
1084 1647 1243 1733 Equidem

259 1807 330 1887 post
353 1803 425 1882 ἀνὴρ
448 1822 575 1866 sensum
599 1801 745 1866 claudere
766 1802 876 1866 malim
889 1850 897 1884 ,
910 1800 1036 1884 rejectis
1049 1795 1241 1876 οξτοδειχθή-

260 1973 371 2023 σεται,
395 1948 616 2030 δειχθήσεται,
638 1953 823 2030 συγγράφω.
844 1948 939 2014 Unde
957 1949 1042 2013 enirn
1054 1947 1132 2012 haee
1144 1947 1243 2012 verba
1295 2023 1297 2027 ι

260 2102 334 2162 sunt
357 2065 460 2163 data?
483 2097 643 2162 Videntur
665 2098 787 2162 scribae
805 2098 903 2162 totius
924 2118 1034 2162 sensus
1054 2101 1242 2162 contextum

261 2244 342 2308 nihil
378 2250 526 2310 curantes
554 2250 625 2330 post
656 2243 728 2324 οὲνήρ
753 2244 888 2310 verbum
909 2244 1104 2310 desiderasse
1128 2251 1160 2310 et
1183 2265 1242 2330 pro

166 2482 172 2492 Ι
261 2392 383 2457 viribus
405 2393 444 2458 de
469 2416 525 2459 suo
545 2415 671 2458 sensum
692 2394 895 2480 supplevisse.
910 2393 1123 2458 Infelicissimi
1136 2399 1244 2458 autem

263 2540 391 2606 fuerunt
414 2541 529 2627 quibus
552 2539 820 2621 ἀποδειχθήσεται
844 2548 876 2607 et
895 2538 1099 2621 δειχθήσεται
1118 2542 1244 2626 placue-

263 2688 327 2752 rint
372 2711 471 2774 quaa,
516 2691 542 2753 si
576 2690 653 2774 quid
685 2690 793 2775 video,
828 2690 982 2777 praebent
1015 2712 1143 2755 sensum
1176 2696 1244 2755 tam

263 2835 436 2900 absurdum
459 2838 511 2902 val
533 2838 638 2924 potius
661 2840 768 2904 omnia
789 2839 835 2903 ita
858 2844 1065 2924 corrumpunt
1088 2845 1124 2903 ut
1148 2839 1244 2903 mirer

266 2985 475 3072 Sylburgium
509 2985 588 3050 haee
621 2988 780 3073 patienter
813 2987 924 3080 tulisse
957 3008 1057 3072 quum
1088 2990 1242 3051 verteret:

265 3155 403 3218 quarum
427 3155 536 3198 ιοιιιιιι
548 3136 836 3220 οοριιοεοοιοιίονιιιιι
847 3138 876 3200 si
887 3137 959 3221 quis
971 3137 1245 3220 fueritstudiosus

265 3282 294 3345 is
327 3282 426 3365 facile
459 3283 587 3366 sapiens
609 3291 639 3348 et
663 3283 706 3347 ud
730 3285 841 3348 civilia
863 3286 990 3370 nepotis
1011 3291 1105 3368 aptus
1127 3285 1245 3349 evadet.

267 3428 378 3494 Sariba
412 3451 487 3495 vere
522 3429 690 3496 Urbinatis
724 3432 791 3496 sine
821 3431 916 3497 dubio
946 3433 1136 3498 vocabulum
1160 3433 1247 3499 dedit

267 3583 376 3642 nostro
409 3579 478 3643 loeo
511 3580 614 3643 multo
636 3580 742 3664 aptius
766 3586 798 3644 et
820 3575 989 3666 integrum'
1003 3602 1164 3647 servarem
1186 3582 1248 3646 nisi

271 3735 342 3814 post
375 3725 482 3804 μείιλιι
513 3726 691 3802 διηγεῖσθαι
722 3728 835 3792 inutile
865 3735 897 3794 et
919 3728 1106 3814 languidum
1127 3727 1249 3794 addita·
1296 3703 1299 3710 Δ

269 3884 413 3944 mentum
446 3877 526 3941 mihi
560 3875 687 3962 quidem
718 3876 889 3941 videretur.
926 3875 1010 3950 Quid
1032 3877 1148 3962 plura?
1170 3875 1250 3941 Post

276 4026 349 4104 ἀνὴρ
375 4025 501 4111 signum
525 4025 741 4110 interrogandi
764 4047 847 4112 pono
868 4033 900 4091 et
924 4026 1030 4091 omnia
1051 4025 1131 4090 mihi
1142 4025 1251 4091 viden·

266 4180 320 4238 tur
342 4195 429 4238 sana.

225 4381 230 4391 .
315 4321 387 4388 Lib.
414 4321 475 4390 VI.
500 4345 527 4388 ο.
552 4327 582 4388 4.
606 4322 795 4389 Latinorum
818 4323 1251 4410 dueesdeliberantquonam
