3276 5188
782 639 822 701 27

302 868 390 946 loeo,
415 866 441 930 si
464 863 541 951 quid
565 863 677 947 video,
700 863 840 927 alienum
863 869 920 926 est.
946 860 1083 925 Videtur
1095 861 1174 924 mihi
1187 860 1282 924 lectio

303 1035 399 1100 qnam
421 1013 563 1078 Urbinas
586 1011 640 1075 dat
662 1017 740 1076 nata
762 1033 779 1075 e
801 1010 984 1093 oonjeotura
998 1006 1120 1072 seribae
1132 1009 1187 1093 qui
1199 1007 1284 1072 inter

304 1161 507 1228 seribendum
530 1159 716 1225 mendosum
738 1155 957 1224 ἀποδύσασθαι
981 1158 1020 1223 (le
1043 1179 1100 1222 suo
1114 1157 1283 1222 emendare

305 1310 435 1376 studens
481 1307 711 1374 inconsiderate
750 1328 869 1372 novum
903 1306 1054 1371 mendum
1088 1307 1122 1370 in
1160 1311 1286 1369 textum

305 1457 461 1521 intulerit.
494 1455 587 1530 Quod
620 1454 784 1519 siveram
809 1461 857 1518 est
879 1456 966 1518 loeus
990 1455 1070 1538 erit,
1093 1459 1130 1517 ut
1156 1454 1284 1539 opinor,

303 1604 378 1670 huio
400 1624 489 1668 meae
512 1605 728 1688 conjecturae:
753 1602 856 1668 redire
873 1622 988 1689 nempe
999 1603 1109 1667 malim
1121 1601 1163 1667 ad
1174 1602 1285 1687 vulga·

285 1757 370 1854 ‘tam
391 1753 559 1816 lectionem
580 1749 817 1834 ἀποδύσασθαι,
837 1772 896 1815 neo
908 1749 1083 1836 quidquam
1094 1748 1284 1814 mutandum

306 1921 417 1965 oenseo
439 1901 502 1964 niei
525 1899 790 1986 praepositionem
812 1899 873 1964 ἀπὸ
898 1899 931 1963 in
955 1900 1002 1984 ἔας
1027 1899 1287 1985 qnamexiguom

304 2049 514 2114 mutationem
535 2049 639 2114 faeere
660 2069 724 2113 non
749 2048 859 2114 dubito
882 2069 981 2134 quum
992 2054 1104 2114 notum
1116 2049 1157 2111 sit
1169 2048 1286 2112 mirum

304 2196 338 2260 in
373 2195 502 2261 modum
524 2197 773 2282 praepositiones
796 2219 816 2262 a
838 2196 950 2262 soribis
972 2196 1057 2260 inter
1080 2217 1114 2260 se
1136 2195 1285 2260 oonlnndi

305 2344 414 2408 solere.
438 2344 562 2429 Legere
586 2345 684 2429 igitur
706 2344 834 2428 malim;
853 2338 1078 2423 rpobeamotu
1096 2342 1286 2427 ἐνδύσασθε,

305 2487 357 2554 καὶ
392 2488 514 2567 δείξατε
548 2490 652 2565 αὐτοῖς
687 2498 747 2556 oet.
778 2492 880 2578 quod,
909 2493 970 2557 nisi
994 2494 1103 2584 fallor,
1128 2494 1285 2579 optimum

270 2619 279 2634 '
302 2659 430 2703 sensum
460 2637 569 2704 affert:
593 2640 748 2705 alacriter
771 2643 928 2727 oeoinplte
949 2661 1012 2706 ros.
1036 2641 1127 2706 Idem
1149 2641 1284 2707 verbum

302 2786 412 2852 eodem
447 2808 542 2852 sensu
574 2789 699 2854 invenis
733 2789 805 2854 Lib.
840 2789 901 2853 IX.
940 2811 967 2854 o.
1003 2792 1055 2854 34.
1090 2791 1145 2855 fin.
1170 2789 1196 2854 oi
1222 2789 1278 2867 μὲν

301 2936 330 2996 ἐν
353 2937 424 3006 ταῖς
447 2935 564 3007 κοίταις
587 2933 632 3000 ἔτι
655 2934 739 3011 ὄντες
761 2934 1033 3021 κατεσφάγησαν,
1058 2938 1083 3002 οἱ
1108 2937 1138 3002 δὲ
1151 2936 1278 3004 (irroret-

300 3104 383 3159 μενοι
404 3083 515 3164 ἀρτίας
539 3089 593 3148 καὶ
618 3086 661 3150 τὰ
684 3082 768 3150 ὅπλα
793 3085 957 3164 ἐνδυόμενοι
980 3086 1045 3152 κτὲ.
1073 3087 1190 3152 Nostro
1214 3089 1282 3153 loeo

300 3252 364 3297 non
386 3232 513 3298 additur
534 3233 577 3297 τὰ
600 3230 703 3307 ἔτλα,
729 3237 814 3322 quod
836 3243 944 3301 tamen
967 3257 1058 3301 mene
1080 3236 1282 3320 eonjeoturae

299 3401 363 3446 non
397 3381 525 3448 obstare
558 3384 717 3450 existimo.
750 3385 830 3460 Quis
852 3387 937 3450 enim
960 3391 1027 3450 tam
1049 3386 1148 3451 hebes
1172 3392 1221 3450 est
1246 3392 1283 3450 ut

298 3551 362 3596 non
393 3532 553 3620 intelligat
578 3534 765 3600 diotatorem
787 3534 914 3622 plebem
936 3535 1131 3601 excitantem
1154 3539 1191 3600 ut
1214 3536 1280 3599 vim

298 3680 438 3747 hostium
460 3683 584 3747 fortiter
606 3683 796 3783 propelleret
818 3681 878 3746 hoo
900 3681 1004 3748 dioore
1026 3682 1165 3748 voluisse
1184 3702 1277 3745 ormo

301 3851 369 3896 esse
392 3831 563 3897 induenda.

322 3978 410 4044 ‘Neo
422 3981 527 4045 minus
538 3981 725 4046 mendosum
736 3987 784 4047 est
797 3981 881 4067 quod
892 3981 1027 4067 legimns
1039 3979 1111 4044 Lib.
1121 3979 1182 4044 VI.
1191 4000 1218 4044 o.
1228 3981 1280 4043 45.

299 4127 344 4193 Μ.
368 4128 517 4194 Valerius
539 4128 692 4211 dictator,
715 4127 811 4194 rebus
823 4127 945 4192 belliois
957 4147 999 4192 ex
1011 4127 1111 4192 animi
1122 4128 1282 4192 sententia

299 4278 417 4362 gestis,
460 4277 500 4341 ob
534 4283 660 4363 partam
695 4276 860 4341 victoriam
895 4276 982 4341 duoit
1015 4276 1214 4364 triumphum
1251 4281 1282 4339 et
