<?xml version="1.0" encoding="UTF-8"?>
<!DOCTYPE html PUBLIC "-//W3C//DTD XHTML 1.0 Transitional//EN"
    "http://www.w3.org/TR/xhtml1/DTD/xhtml1-transitional.dtd">
<html xmlns="http://www.w3.org/1999/xhtml" xml:lang="en" lang="en">
 <head>
  <title>
</title>
<meta http-equiv="Content-Type" content="text/html;charset=utf-8" />
  <meta name='ocr-system' content='tesseract 3.04.00' />
  <meta name='ocr-capabilities' content='ocr_page ocr_carea ocr_par ocr_line ocrx_word'/>
</head>
<body>
  <div class='ocr_page' id='page_1' title='image "./observationesad00smitgoog_0089.png"; bbox 0 0 3276 5188; ppageno 0'>
   <div class='ocr_carea' id='block_1_1' title="bbox 794 646 836 708">
    <p class='ocr_par' dir='ltr' id='par_1_1' title="bbox 794 646 836 708">
     <span class='ocr_line' id='line_1_1' title="bbox 794 646 836 708; baseline 0 0"><span class='ocrx_word' id='word_1_1' title='bbox 794 646 836 708; x_wconf 75' lang='lat'>‘14</span> 
     </span>
    </p>
   </div>
   <div class='ocr_carea' id='block_1_2' title="bbox 781 870 862 936">
    <p class='ocr_par' dir='ltr' id='par_1_2' title="bbox 781 870 862 936">
     <span class='ocr_line' id='line_1_2' title="bbox 781 870 862 936; baseline 0.025 -2"><span class='ocrx_word' id='word_1_2' title='bbox 781 870 862 936; x_wconf 93' lang='grc' dir='ltr'><strong>ΙΙΙ.</strong></span> 
     </span>
    </p>
   </div>
   <div class='ocr_carea' id='block_1_3' title="bbox 368 1098 1309 1188">
    <p class='ocr_par' dir='ltr' id='par_1_3' title="bbox 368 1098 1309 1188">
     <span class='ocr_line' id='line_1_3' title="bbox 368 1098 1309 1188; baseline 0.002 -24"><span class='ocrx_word' id='word_1_3' title='bbox 368 1101 450 1165; x_wconf 89' lang='lat' dir='ltr'>Ibid.</span> <span class='ocrx_word' id='word_1_4' title='bbox 485 1122 511 1164; x_wconf 91' lang='lat' dir='ltr'>o.</span> <span class='ocrx_word' id='word_1_5' title='bbox 550 1103 598 1164; x_wconf 92' lang='lat'>10.</span> <span class='ocrx_word' id='word_1_6' title='bbox 634 1098 748 1185; x_wconf 79' lang='lat' dir='ltr'>Neque</span> <span class='ocrx_word' id='word_1_7' title='bbox 769 1101 854 1164; x_wconf 86' lang='lat' dir='ltr'>enim</span> <span class='ocrx_word' id='word_1_8' title='bbox 879 1121 955 1166; x_wconf 78' lang='lat' dir='ltr'>suaa</span> <span class='ocrx_word' id='word_1_9' title='bbox 978 1102 1081 1166; x_wconf 79' lang='lat' dir='ltr'>solam</span> <span class='ocrx_word' id='word_1_10' title='bbox 1104 1123 1124 1165; x_wconf 86' lang='lat' dir='ltr'>a</span> <span class='ocrx_word' id='word_1_11' title='bbox 1147 1122 1309 1188; x_wconf 87' lang='lat' dir='ltr'>quoquam</span> 
     </span>
    </p>
   </div>
   <div class='ocr_carea' id='block_1_4' title="bbox 322 1247 1310 1336">
    <p class='ocr_par' dir='ltr' id='par_1_4' title="bbox 322 1247 1310 1336">
     <span class='ocr_line' id='line_1_4' title="bbox 322 1247 1310 1336; baseline -0.002 -20"><span class='ocrx_word' id='word_1_12' title='bbox 322 1251 480 1316; x_wconf 86' lang='lat' dir='ltr'>auxilium</span> <span class='ocrx_word' id='word_1_13' title='bbox 502 1249 594 1336; x_wconf 83' lang='lat' dir='ltr'>petiit</span> <span class='ocrx_word' id='word_1_14' title='bbox 618 1247 740 1313; x_wconf 80' lang='lat' dir='ltr'>salatia.</span> <span class='ocrx_word' id='word_1_15' title='bbox 765 1247 1011 1313; x_wconf 85' lang='lat' dir='ltr'>Emendandum</span> <span class='ocrx_word' id='word_1_16' title='bbox 1031 1249 1177 1315; x_wconf 78' lang='lat' dir='ltr'>videtur:</span> <span class='ocrx_word' id='word_1_17' title='bbox 1199 1251 1310 1316; x_wconf 85' lang='lat' dir='ltr'>solius.</span> 
     </span>
    </p>
   </div>
   <div class='ocr_carea' id='block_1_5' title="bbox 782 1494 854 1559">
    <p class='ocr_par' dir='ltr' id='par_1_5' title="bbox 782 1494 854 1559">
     <span class='ocr_line' id='line_1_5' title="bbox 782 1494 854 1559; baseline 0.028 -2"><span class='ocrx_word' id='word_1_18' title='bbox 782 1494 854 1559; x_wconf 89' lang='lat' dir='ltr'>IV.</span> 
     </span>
    </p>
   </div>
   <div class='ocr_carea' id='block_1_6' title="bbox 320 1721 1308 2089">
    <p class='ocr_par' dir='ltr' id='par_1_6' title="bbox 320 1721 1308 2089">
     <span class='ocr_line' id='line_1_6' title="bbox 363 1721 1305 1810; baseline 0.001 -21"><span class='ocrx_word' id='word_1_19' title='bbox 363 1725 429 1790; x_wconf 80' lang='lat' dir='ltr'>Cio.</span> <span class='ocrx_word' id='word_1_20' title='bbox 452 1744 510 1810; x_wconf 92' lang='lat' dir='ltr'>pro</span> <span class='ocrx_word' id='word_1_21' title='bbox 533 1723 664 1788; x_wconf 75' lang='lat' dir='ltr'>Plancio</span> <span class='ocrx_word' id='word_1_22' title='bbox 687 1721 819 1788; x_wconf 86' lang='lat' dir='ltr'>XVIII.</span> <span class='ocrx_word' id='word_1_23' title='bbox 841 1725 923 1805; x_wconf 58' lang='lat' dir='ltr'>§Ia</span> <span class='ocrx_word' id='word_1_24' title='bbox 938 1723 1123 1790; x_wconf 85' lang='lat' dir='ltr'>Doouriatio</span> <span class='ocrx_word' id='word_1_25' title='bbox 1136 1725 1305 1791; x_wconf 86' lang='lat' dir='ltr'><strong>tribulium</strong></span> 
     </span>
     <span class='ocr_line' id='line_1_7' title="bbox 322 1872 1308 1960; baseline 0.001 -21"><span class='ocrx_word' id='word_1_26' title='bbox 322 1874 494 1960; x_wconf 82' lang='lat' dir='ltr'>descriptio</span> <span class='ocrx_word' id='word_1_27' title='bbox 528 1872 655 1958; x_wconf 88' lang='lat' dir='ltr'>populi,</span> <span class='ocrx_word' id='word_1_28' title='bbox 680 1872 833 1958; x_wconf 77' lang='lat' dir='ltr'>suffragia</span> <span class='ocrx_word' id='word_1_29' title='bbox 855 1873 1024 1959; x_wconf 84' lang='lat' dir='ltr'>largitione</span> <span class='ocrx_word' id='word_1_30' title='bbox 1046 1874 1195 1940; x_wconf 82' lang='lat' dir='ltr'>devincta</span> <span class='ocrx_word' id='word_1_31' title='bbox 1219 1897 1308 1940; x_wconf 82' lang='lat' dir='ltr'>sove-</span> 
     </span>
     <span class='ocr_line' id='line_1_8' title="bbox 320 2019 1307 2089; baseline 0.001 -1"><span class='ocrx_word' id='word_1_32' title='bbox 320 2025 449 2089; x_wconf 82' lang='lat' dir='ltr'>ritatom</span> <span class='ocrx_word' id='word_1_33' title='bbox 473 2019 610 2087; x_wconf 78' lang='lat' dir='ltr'>Senatus</span> <span class='ocrx_word' id='word_1_34' title='bbox 634 2028 666 2087; x_wconf 87' lang='lat' dir='ltr'>ot</span> <span class='ocrx_word' id='word_1_35' title='bbox 689 2023 846 2087; x_wconf 88' lang='lat' dir='ltr'>bonorum</span> <span class='ocrx_word' id='word_1_36' title='bbox 868 2024 1010 2088; x_wconf 90' lang='lat' dir='ltr'>omnium</span> <span class='ocrx_word' id='word_1_37' title='bbox 1033 2025 1097 2088; x_wconf 81' lang='lat' dir='ltr'>or&#39;m</span> <span class='ocrx_word' id='word_1_38' title='bbox 1116 2046 1154 2089; x_wconf 86' lang='lat' dir='ltr'>ao</span> <span class='ocrx_word' id='word_1_39' title='bbox 1166 2025 1307 2089; x_wconf 83' lang='lat' dir='ltr'>dolorem</span> 
     </span>
    </p>
   </div>
   <div class='ocr_carea' id='block_1_7' title="bbox 322 2173 811 2258">
    <p class='ocr_par' dir='ltr' id='par_1_7' title="bbox 322 2173 811 2258">
     <span class='ocr_line' id='line_1_9' title="bbox 322 2173 811 2258; baseline -0.006 -18"><span class='ocrx_word' id='word_1_40' title='bbox 322 2175 515 2240; x_wconf 81' lang='lat' dir='ltr'>excitarunt.</span> <span class='ocrx_word' id='word_1_41' title='bbox 539 2173 693 2258; x_wconf 84' lang='lat' dir='ltr'>Repono:</span> <span class='ocrx_word' id='word_1_42' title='bbox 719 2175 811 2239; x_wconf 85' lang='lat' dir='ltr'>iram.</span> 
     </span>
    </p>
   </div>
   <div class='ocr_carea' id='block_1_8' title="bbox 792 2421 833 2485">
    <p class='ocr_par' dir='ltr' id='par_1_8' title="bbox 792 2421 833 2485">
     <span class='ocr_line' id='line_1_10' title="bbox 792 2421 833 2485; baseline 0 0"><span class='ocrx_word' id='word_1_43' title='bbox 792 2421 833 2485; x_wconf 93' lang='lat' dir='ltr'>V.</span> 
     </span>
    </p>
   </div>
   <div class='ocr_carea' id='block_1_9' title="bbox 319 2647 1302 3034">
    <p class='ocr_par' dir='ltr' id='par_1_9' title="bbox 319 2647 1302 3034">
     <span class='ocr_line' id='line_1_11' title="bbox 366 2647 1302 2732; baseline -0.002 -19"><span class='ocrx_word' id='word_1_44' title='bbox 366 2648 432 2714; x_wconf 78' lang='lat' dir='ltr'>Cio.</span> <span class='ocrx_word' id='word_1_45' title='bbox 458 2649 496 2713; x_wconf 88' lang='lat' dir='ltr'>de</span> <span class='ocrx_word' id='word_1_46' title='bbox 519 2649 674 2732; x_wconf 85' lang='lat' dir='ltr'>Finibus,</span> <span class='ocrx_word' id='word_1_47' title='bbox 699 2648 759 2716; x_wconf 88' lang='lat' dir='ltr'>IV.</span> <span class='ocrx_word' id='word_1_48' title='bbox 783 2652 831 2714; x_wconf 85' lang='lat'>15.</span> <span class='ocrx_word' id='word_1_49' title='bbox 852 2651 869 2732; x_wconf 62' lang='grc' dir='ltr'>ᾗ</span> <span class='ocrx_word' id='word_1_50' title='bbox 889 2651 940 2714; x_wconf 87' lang='grc'>40.</span> <span class='ocrx_word' id='word_1_51' title='bbox 962 2647 1094 2714; x_wconf 80' lang='lat' dir='ltr'>Atonim</span> <span class='ocrx_word' id='word_1_52' title='bbox 1110 2649 1211 2732; x_wconf 79' lang='lat' dir='ltr'>[nom]</span> <span class='ocrx_word' id='word_1_53' title='bbox 1226 2648 1302 2712; x_wconf 87' lang='lat' dir='ltr'>dioi-</span> 
     </span>
     <span class='ocr_line' id='line_1_12' title="bbox 321 2799 1302 2886; baseline 0 -24"><span class='ocrx_word' id='word_1_54' title='bbox 321 2799 362 2862; x_wconf 79' lang='lat' dir='ltr'>tis</span> <span class='ocrx_word' id='word_1_55' title='bbox 393 2800 546 2866; x_wconf 81' lang='lat' dir='ltr'>virtutem</span> <span class='ocrx_word' id='word_1_56' title='bbox 569 2821 634 2866; x_wconf 91' lang='lat' dir='ltr'>non</span> <span class='ocrx_word' id='word_1_57' title='bbox 650 2819 743 2886; x_wconf 81' lang='lat' dir='ltr'>poaao</span> <span class='ocrx_word' id='word_1_58' title='bbox 765 2800 941 2882; x_wconf 78' lang='lat' dir='ltr'>constitui,</span> <span class='ocrx_word' id='word_1_59' title='bbox 966 2799 994 2863; x_wconf 83' lang='lat' dir='ltr'>si</span> <span class='ocrx_word' id='word_1_60' title='bbox 1017 2819 1075 2879; x_wconf 84' lang='lat' dir='ltr'>oa,</span> <span class='ocrx_word' id='word_1_61' title='bbox 1102 2819 1184 2884; x_wconf 83' lang='lat' dir='ltr'>quae</span> <span class='ocrx_word' id='word_1_62' title='bbox 1206 2803 1302 2864; x_wconf 78' lang='lat' dir='ltr'>extra</span> 
     </span>
     <span class='ocr_line' id='line_1_13' title="bbox 319 2947 1301 3034; baseline -0.003 -21"><span class='ocrx_word' id='word_1_63' title='bbox 319 2949 473 3014; x_wconf 80' lang='lat' dir='ltr'>virtutem</span> <span class='ocrx_word' id='word_1_64' title='bbox 496 2949 581 3034; x_wconf 82' lang='lat' dir='ltr'>sint,</span> <span class='ocrx_word' id='word_1_65' title='bbox 604 2949 646 3013; x_wconf 84' lang='lat' dir='ltr'>ad</span> <span class='ocrx_word' id='word_1_66' title='bbox 668 2949 760 3014; x_wconf 79' lang='lat' dir='ltr'>boote</span> <span class='ocrx_word' id='word_1_67' title='bbox 782 2949 959 3013; x_wconf 80' lang='lat' dir='ltr'>vivendum</span> <span class='ocrx_word' id='word_1_68' title='bbox 970 2949 1163 3034; x_wconf 81' lang='lat' dir='ltr'>pertineant.</span> <span class='ocrx_word' id='word_1_69' title='bbox 1177 2947 1301 3032; x_wconf 83' lang='lat' dir='ltr'>Legen-</span> 
     </span>
    </p>
   </div>
   <div class='ocr_carea' id='block_1_10' title="bbox 320 3099 846 3392">
    <p class='ocr_par' dir='ltr' id='par_1_10' title="bbox 320 3099 846 3392">
     <span class='ocr_line' id='line_1_14' title="bbox 320 3099 822 3185; baseline -0.004 -21"><span class='ocrx_word' id='word_1_70' title='bbox 320 3099 396 3164; x_wconf 90' lang='lat' dir='ltr'>dum</span> <span class='ocrx_word' id='word_1_71' title='bbox 417 3099 481 3163; x_wconf 80' lang='lat' dir='ltr'>vid.</span> <span class='ocrx_word' id='word_1_72' title='bbox 504 3100 607 3185; x_wconf 82' lang='lat' dir='ltr'>ipsam</span> <span class='ocrx_word' id='word_1_73' title='bbox 631 3099 734 3162; x_wconf 78' lang='lat' dir='ltr'>dicitis</span> <span class='ocrx_word' id='word_1_74' title='bbox 757 3120 822 3184; x_wconf 83' lang='lat' dir='ltr'>eqs.</span> 
     </span>
     <span class='ocr_line' id='line_1_15' title="bbox 778 3325 846 3392; baseline -0.044 0"><span class='ocrx_word' id='word_1_75' title='bbox 778 3325 846 3392; x_wconf 86' lang='lat' dir='ltr'>VI.</span> 
     </span>
    </p>
   </div>
   <div class='ocr_carea' id='block_1_11' title="bbox 318 3551 1298 3785">
    <p class='ocr_par' dir='ltr' id='par_1_11' title="bbox 318 3551 1298 3785">
     <span class='ocr_line' id='line_1_16' title="bbox 362 3551 1298 3641; baseline -0.001 -25"><span class='ocrx_word' id='word_1_76' title='bbox 362 3551 427 3618; x_wconf 81' lang='lat' dir='ltr'>Oia.</span> <span class='ocrx_word' id='word_1_77' title='bbox 451 3553 580 3619; x_wconf 72' lang='lat' dir='ltr'>Turoni.</span> <span class='ocrx_word' id='word_1_78' title='bbox 603 3555 694 3641; x_wconf 88' lang='lat' dir='ltr'>Disp.</span> <span class='ocrx_word' id='word_1_79' title='bbox 721 3555 762 3620; x_wconf 88' lang='lat' dir='ltr'>V.</span> <span class='ocrx_word' id='word_1_80' title='bbox 787 3559 838 3620; x_wconf 87' lang='lat'>38.</span> <span class='ocrx_word' id='word_1_81' title='bbox 863 3557 880 3637; x_wconf 66' lang='grc' dir='ltr'>ξ</span> <span class='ocrx_word' id='word_1_82' title='bbox 907 3557 977 3618; x_wconf 83' lang='grc'><strong>112.</strong></span> <span class='ocrx_word' id='word_1_83' title='bbox 999 3554 1125 3618; x_wconf 77' lang='lat' dir='ltr'>videbat</span> <span class='ocrx_word' id='word_1_84' title='bbox 1138 3555 1172 3617; x_wconf 89' lang='lat' dir='ltr'>in</span> <span class='ocrx_word' id='word_1_85' title='bbox 1185 3553 1298 3618; x_wconf 81' lang='lat' dir='ltr'>litoris.</span> 
     </span>
     <span class='ocr_line' id='line_1_17' title="bbox 318 3699 590 3785; baseline 0.007 -21"><span class='ocrx_word' id='word_1_86' title='bbox 318 3699 425 3785; x_wconf 84' lang='lat' dir='ltr'>Lego:</span> <span class='ocrx_word' id='word_1_87' title='bbox 451 3701 590 3766; x_wconf 77' lang='lat' dir='ltr'>vivebat.</span> 
     </span>
    </p>
   </div>
   <div class='ocr_carea' id='block_1_12' title="bbox 760 3928 854 4012">
    <p class='ocr_par' dir='ltr' id='par_1_12' title="bbox 760 3928 854 4012">
     <span class='ocr_line' id='line_1_18' title="bbox 760 3928 854 4012; baseline 0.011 -20"><span class='ocrx_word' id='word_1_88' title='bbox 760 3928 854 4012; x_wconf 76' lang='lat' dir='ltr'>an.</span> 
     </span>
    </p>
   </div>
   <div class='ocr_carea' id='block_1_13' title="bbox 359 4154 1295 4244">
    <p class='ocr_par' dir='ltr' id='par_1_13' title="bbox 359 4154 1295 4244">
     <span class='ocr_line' id='line_1_19' title="bbox 359 4154 1295 4244; baseline 0.003 -26"><span class='ocrx_word' id='word_1_89' title='bbox 359 4154 471 4220; x_wconf 78' lang='lat' dir='ltr'>Lirius</span> <span class='ocrx_word' id='word_1_90' title='bbox 502 4155 630 4221; x_wconf 88' lang='lat' dir='ltr'>XXIV.</span> <span class='ocrx_word' id='word_1_91' title='bbox 665 4179 691 4221; x_wconf 88' lang='lat' dir='ltr'>o.</span> <span class='ocrx_word' id='word_1_92' title='bbox 719 4159 769 4221; x_wconf 90' lang='lat'>10.</span> <span class='ocrx_word' id='word_1_93' title='bbox 791 4157 834 4221; x_wconf 74' lang='lat' dir='ltr'>Er</span> <span class='ocrx_word' id='word_1_94' title='bbox 856 4157 1058 4244; x_wconf 81' lang='lat' dir='ltr'>praetoribus</span> <span class='ocrx_word' id='word_1_95' title='bbox 1081 4159 1195 4243; x_wconf 85' lang='lat' dir='ltr'>prioris</span> <span class='ocrx_word' id='word_1_96' title='bbox 1218 4159 1295 4222; x_wconf 88' lang='lat' dir='ltr'>anni</span> 
     </span>
    </p>
   </div>
   <div class='ocr_carea' id='block_1_14' title="bbox 314 4306 1300 4392">
    <p class='ocr_par' dir='ltr' id='par_1_14' title="bbox 314 4306 1300 4392">
     <span class='ocr_line' id='line_1_20' title="bbox 314 4306 1300 4392; baseline 0.001 -23"><span class='ocrx_word' id='word_1_97' title='bbox 314 4328 371 4392; x_wconf 89' lang='lat' dir='ltr'>pro</span> <span class='ocrx_word' id='word_1_98' title='bbox 394 4311 540 4390; x_wconf 84' lang='lat' dir='ltr'>praetore</span> <span class='ocrx_word' id='word_1_99' title='bbox 563 4306 600 4382; x_wconf 85' lang='lat' dir='ltr'>Q.</span> <span class='ocrx_word' id='word_1_100' title='bbox 621 4306 747 4371; x_wconf 81' lang='lat' dir='ltr'>Muoiua</span> <span class='ocrx_word' id='word_1_101' title='bbox 758 4307 916 4371; x_wconf 84' lang='lat' dir='ltr'>obtineret</span> <span class='ocrx_word' id='word_1_102' title='bbox 932 4307 1125 4390; x_wconf 78' lang='lat' dir='ltr'>Sardiniam,</span> <span class='ocrx_word' id='word_1_103' title='bbox 1139 4307 1184 4372; x_wconf 88' lang='lat' dir='ltr'>M.</span> <span class='ocrx_word' id='word_1_104' title='bbox 1203 4307 1300 4372; x_wconf 84' lang='lat' dir='ltr'>Valo-</span> 
     </span>
    </p>
   </div>
   <div class='ocr_carea' id='block_1_15' title="bbox 0 0 1642 5188">
    <p class='ocr_par' dir='ltr' id='par_1_15' title="bbox 0 0 1642 5188">
     <span class='ocr_line' id='line_1_21' title="bbox 0 0 1642 5188; baseline 0 2"><span class='ocrx_word' id='word_1_105' title='bbox 0 0 1642 5188; x_wconf 95' lang='lat' dir='ltr'> </span> 
     </span>
    </p>
   </div>
  </div>
 </body>
</html>
