3276 5188
766 677 807 738 39

295 904 411 969 haereo
445 926 487 968 an
521 925 579 990 pro
597 902 726 987 ¹ultimo
759 903 914 969 vocabulo
947 902 1204 969 substituendum
1240 907 1281 970 ait

295 1051 526 1131 ἀποθεμένους,
560 1052 645 1139 quod
667 1052 771 1117 Attioi
795 1057 881 1116 oerte
904 1052 962 1116 tali
984 1051 1018 1115 in
1042 1073 1077 1116 re
1100 1060 1283 1119 constanter

295 1201 459 1268 adhibent.
494 1202 668 1288 Dionysius
703 1202 772 1287 ipse
795 1222 852 1265 nos
875 1200 916 1264 ad
934 1200 1189 1266 emendationem
1212 1222 1282 1286 pro-

295 1351 431 1436 positam
453 1351 568 1415 ducere
590 1351 716 1416 videtur
739 1349 812 1414 Lib.
837 1348 917 1413 VII.
943 1371 969 1413 o.
995 1352 1045 1414 18.
1060 1351 1281 1436 ubiiegimua:

295 1497 373 1564 ἔνθα
394 1498 621 1576 ὑπελάμβανόν
643 1523 729 1574 τινας
751 1500 884 1578 εὑρήσειν
906 1498 1136 1576 ἀποκειμένοις
1152 1498 1281 1581 τροφάς.

296 1648 373 1736 Cap.
403 1651 452 1713 14.
477 1649 619 1733 ejusdem
641 1649 715 1713 libri
739 1649 861 1713 oodioes
881 1650 998 1712 iterum
1011 1670 1097 1728 παρα
1110 1649 1280 1713 exhibent:

296 1795 417 1871 ἐκείνοις
446 1797 502 1874 μὲν
525 1801 585 1877 γὰρ
610 1792 686 1861 εἶναι
710 1801 764 1861 καὶ
788 1796 906 1878 τροφὰς
934 1797 964 1860 ἐν
988 1797 1111 1878 οέφοονεῖ
1132 1819 1282 1876 παρακεν-

296 1945 393 2025 μένας
426 1943 479 2011 καὶ
512 1946 684 2030 χρήματα,
719 1946 775 2011 ubi
808 1952 916 2012 tamen
942 1947 1121 2032 Kiessaling
1153 1953 1287 2044 auotore

298 2096 422 2161 Sinteni
445 2096 702 2161 substituendum
725 2103 832 2161 censet
855 2093 1082 2178 οὶποκενροένας;
1104 2117 1186 2180 quae
1209 2116 1282 2160 oon·

293 2247 419 2331 jeotura
447 2247 473 2310 si
495 2267 573 2311 vera
595 2251 643 2310 est
666 2246 776 2311 eadem
800 2267 896 2332 opera
918 2242 1121 2324 παραθέσθαι
1145 2246 1282 2311 mutabit

296 2397 330 2460 in
359 2393 554 2478 ἀποθέσθαι,
581 2417 681 2481 quum
703 2395 785 2460 nihil
802 2397 939 2460 attineat
962 2396 1139 2482 perfeetum
1154 2394 1282 2481 quidem

297 2552 442 2630 mutare,
466 2547 619 2611 aoristum
641 2567 717 2610 vero
737 2548 894 2610 intactum
916 2547 1104 2631 relinquere.

341 2697 470 2760 Leviter
505 2694 727 2780 corrigendum
761 2700 839 2780 puto
870 2695 942 2759 Lib.
966 2693 1028 2758 IX.
1052 2717 1079 2759 o.
1104 2697 1155 2759 29.
1178 2693 1229 2758 τὸν
1253 2691 1283 2757 δὲ

296 2846 386 2922 νομὸν
410 2845 464 2909 οὐκ
487 2846 530 2918 εἰς
553 2847 675 2924 μακρὰν
696 2841 822 2908 έποννοοο
835 2849 950 2926 τροφῆς
961 2843 1104 2925 οέφθὸνον
1118 2839 1283 2922 πληρώσας

296 2993 355 3070 τοὶ-ς
390 2995 515 3074 dynato,
551 2999 603 3058 καὶ
637 2999 701 3067 τοῖς
737 2995 808 3069 μετ’
847 2993 967 3057 αὐτὸν
1001 2990 1132 3066 ὑποέτοος
1167 2989 1222 3063 rn'v
1246 3011 1280 3052 πε

295 3143 400 3224 χώραν
422 3142 584 3222 παρέδωκα
598 3107 699 3206 έπλοον
713 3141 867 3221 πολεμίων
881 3140 1046 3222 ἐλευθέραν
1059 3155 1130 3206 κτα.
1145 3140 1281 3207 Offendo

296 3293 329 3356 in
360 3289 433 3369 μετ’
466 3287 576 3375 αὐτόν,
599 3314 656 3377 pro
680 3314 743 3378 quo
766 3295 839 3357 cum
863 3293 929 3356 eod.
955 3291 1106 3357 Ohisiano
1129 3292 1200 3368 μετ’
1226 3287 1281 3366 ἐμέ

296 3442 513 3528 reponendum
538 3461 659 3505 censeo.
687 3439 841 3504 Servilius
868 3441 923 3526 qui
947 3403 1054 3526 priore
1078 3460 1161 3504 anno
1174 3439 1284 3504 ooneul

298 3590 403 3655 fuerat
448 3611 481 3654 se
515 3589 600 3674 apud
634 3590 787 3674 populum
820 3588 990 3654 defendens
1024 3590 1057 3654 in
1097 3589 1283 3654 memoriam

297 3740 479 3805 auditorum
500 3742 629 3802 revocat
652 3758 686 3801 se
706 3737 811 3802 dubiis
833 3744 866 3803 et
880 3739 1074 3803 turbulentis
1086 3738 1283 3824 temporibus

296 3889 526 3976 rempubliaam
570 3907 735 3970 servasse3
769 3887 871 3952 obiter
906 3889 1100 3954 mentionem
1135 3887 1211 3952 faoit
1245 3887 1284 3952 de

298 4039 453 4123 Verginio
475 4005 597 4122 eollega
615 4057 693 4119 suo,
715 4036 770 4101 sed
792 4036 844 4102 hio
858 4037 975 4102 desere
987 4037 1137 4122 loquitur.
1150 4035 1283 4100 Rationi

297 4191 396 4276 igitur
437 4191 684 4252 consentaneum
725 4191 772 4250 est
814 4207 887 4252 eum
922 4189 1066 4252 consules
1100 4185 1283 4273 posterioris
1336 4250 1338 4256 s

298 4333 469 4404 anni'sooa
491 4356 685 4400 successores
704 4337 891 4422 appellasse.
