3276 5188
317 773 414 822 textum
441 773 571 836 irrepsisse
593 787 680 822 sensus
705 772 834 836 perspicue
855 769 931 821 docet.
955 770 1092 822 Difficilius
1108 772 1147 820 est
1163 770 1318 836 dijudicata,

318 878 341 927 si
365 876 463 942 quando
485 880 571 928 auctor
593 876 644 927 sibi
668 875 823 942 obloquitur,
851 878 937 926 utrum
962 877 1092 927 memoriae
1114 891 1195 927 errore
1212 877 1258 927 hoc
1275 865 1331 928 sao-⁶

316 987 371 1037 tum
395 986 430 1034 sit
454 1000 485 1035 an
512 984 668 1035 tibrariorum
696 985 772 1044 vitio;
798 982 888 1047 quodsi
909 987 994 1034 auctor
1016 985 1043 1034 in
1068 983 1151 1034 eadem
1176 999 1202 1034 re
1224 987 1323 1050 saepius

317 1093 384 1140 errat
400 1090 466 1140 nihil
482 1089 645 1152 mutandum,
663 1088 706 1140 sed
723 1090 746 1139 si
763 1089 791 1138 in
808 1090 871 1138 satis
889 1089 963 1155 longo
979 1104 1050 1154 opere
1066 1105 1162 1154 semper
1170 1090 1219 1141 ibi
1229 1093 1324 1142 constat

317 1203 342 1250 et
362 1200 438 1251 semel
454 1200 495 1251 vel
514 1198 554 1249 bis
573 1199 602 1249 de
620 1200 742 1250 rectario
760 1198 883 1249 declinare
899 1199 999 1250 videtur
1013 1199 1125 1250 librariis
1141 1199 1188 1250 hoc
1203 1201 1326 1265 imputan-

318 1307 377 1357 dam
401 1309 426 1356 et
452 1305 592 1372 conjecturo
608 1306 647 1356 vel
663 1305 831 1356 emendatione
851 1305 969 1356 utendum
985 1322 1039 1357 esse
1055 1321 1146 1358 censeo.
1164 1307 1253 1358 Utitur
1269 1309 1327 1359 Dio-

317 1416 406 1479 nysius
432 1421 506 1478 κοινῇ
531 1414 636 1480 lingua,
662 1414 689 1463 iu
713 1428 762 1477 qua
784 1412 847 1478 quid
874 1427 921 1462 uon
954 1414 1083 1464 miscetur:
1110 1414 1235 1477 imprimis
1260 1417 1325 1466 amat

318 1520 392 1571 verba
426 1521 510 1571 Ionica
543 1523 568 1570 et
594 1521 704 1585 poetice,
726 1534 901 1585 nonnunquam
926 1519 990 1570 mihi
1014 1520 1216 1572 animadvertisse
1240 1522 1326 1573 videor
1429 1533 1433 1537 ’

317 1643 374 1678 eum
391 1629 467 1678 etiam
483 1627 630 1676 Latinorum
646 1626 779 1676 dictionem
791 1625 945 1677 adhibuisse.

350 1733 461 1797 Adolphi
477 1733 630 1799 Kiessiingii
646 1732 722 1782 editio
739 1732 802 1783 mihi
815 1747 872 1796 prae
888 1731 1002 1783 manibus
1019 1733 1082 1790 fuit,
1101 1750 1145 1785 nec
1163 1735 1322 1786 ullamaliam

318 1839 348 1890 de
365 1839 483 1904 Dionysio
506 1840 735 1888 commentationem
752 1855 807 1888 cum
826 1838 1039 1890 observationibus
1056 1841 1118 1890 meis
1135 1841 1243 1892 conferre
1260 1842 1323 1893 mihi

319 1946 409 2008 licuit,
435 1947 485 1998 nisi
507 1961 581 1997 unam
604 1946 806 2012 disquisitionem
829 1947 879 1997 riri
896 1945 959 1996 doct.
975 1945 1007 1996 A.
1024 1947 1056 1996 H.
1074 1947 1171 1998 Garrer.
1190 1948 1227 1998 Ne
1243 1947 1324 1999 obser·

232 2060 236 2067 '
317 2055 428 2104 vationes
452 2036 553 2118 quidem
581 2052 642 2103 erit.
670 2055 694 2102 et
712 2053 766 2102 Pal.
789 2052 820 2104 ad
841 2053 872 2102 D.
895 2053 928 2102 Η.
944 2056 994 2102 ant.
1011 2067 1071 2103 rom.
1088 2055 1138 2104 viri
1155 2054 1213 2105 clar.
1230 2054 1321 2112 Cobet,

317 2160 428 2225 inspexi:
446 2159 492 2210 hoc
509 2174 566 2211 vcro
583 2159 712 2220 consulto,
730 2161 759 2208 ut
776 2173 832 2210 rere
849 2159 965 2210 confitear
978 2175 1008 2210 ne
1025 2159 1084 2210 talis
1099 2161 1149 2211 viri
1165 2175 1236 2226 opere
1252 2161 1323 2217 lect.

317 2268 484 2318 annotationes
511 2281 594 2328 meas,
618 2266 670 2330 jam
692 2267 748 2316 ante
773 2266 864 2328 factas,
882 2279 984 2330 prorsus
1001 2261 1118 2332 indiguas
1134 2267 1245 2324 putarem
1262 2282 1324 2332 quas

317 2376 343 2424 in
369 2374 449 2424 lucem
474 2373 578 2424 ederem.
603 2374 661 2423 Nisi
682 2372 723 2423 lex
740 2389 778 2422 mc
791 2372 892 2438 juberet
908 2375 937 2424 ut
954 2373 1027 2422 finem
1042 2374 1192 2437 imponerem
1209 2371 1324 2424 disserta

318 2482 381 2531 tioui
406 2496 488 2544 meae,
505 2480 587 2530 libens
604 2479 675 2530 aliud
691 2481 866 2546 argumentum
882 2481 1021 2546 elegissem.
1038 2479 1094 2530 Jam
1110 2481 1193 2546 igitur
1208 2478 1324 2531 benevole

318 2586 407 2636 lector!
442 2587 487 2636 has
519 2585 703 2652 qualescunque
737 2586 818 2649 accipe
839 2584 1019 2636 emendationes
1041 2587 1066 2635 et
1090 2583 1271 2637 observationes
1295 2588 1322 2636 in

316 2696 383 2746 hunc
399 2695 530 2745 auctorem.
