3276 5188
652 2090 1015 2155 PRAEFATIO.

736 2303 907 2310 ...w—-

370 2478 456 2528 'litum
478 2479 579 2530 Livium
601 2480 734 2544 imperator
752 2477 867 2544 Caligula
885 2477 994 2542 (Sueten.
1011 2476 1091 2542 Galig.
1108 2492 1128 2525 c.
1145 2478 1188 2541 34)
1208 2477 1236 2526 ut
1252 2473 1336 2526 verbo-

330 2598 386 2633 sum
412 2587 436 2633 et
459 2586 485 2634 in
512 2584 618 2636 historia
640 2585 808 2652 negligentem
824 2584 950 2650 carpebat:
968 2584 1013 2634 hoe
1030 2583 1132 2632 fortasse
1149 2596 1250 2644 verum,
1267 2578 1332 2630 illud

329 2688 419 2739 nollem
436 2690 531 2741 dicium
548 2690 714 2757 descriptore
729 2693 801 2759 gravi
818 2693 842 2742 et
858 2669 967 2757 eleganti
974 2692 1001 2741 in
1010 2689 1138 2742 scribenda
1147 2689 1252 2740 historia
1260 2704 1334 2754 quam

331 2797 430 2860 saepius
456 2798 559 2862 pingere
584 2811 631 2848 non
652 2796 789 2848 describere
811 2796 882 2848 nobis
904 2796 1018 2859 videtur,
1040 2795 1107 2862 apud
1131 2811 1204 2861 quem
1220 2795 1334 2862 egregiae

329 2902 453 2952 orationes
479 2903 642 2954 inveniuntur
658 2905 684 2953 in
702 2902 794 2969 quibus
811 2903 907 2953 indoles
923 2905 948 2954 et
964 2903 1092 2968 ingenium
1108 2903 1219 2953 virorum
1234 2904 1259 2952 et
1274 2904 1333 2951 tem·

328 3022 416 3071 porum
435 3009 541 3058 rationes
558 3024 614 3059 vere
630 3010 780 3060 referuntur.
798 3037 831 3047 —
847 3011 963 3076 Dionysii
977 3010 1203 3060 Halicarnassensis
1217 3009 1334 3073 Antiqui·

329 3116 396 3162 tales
417 3113 538 3164 Romanas
556 3114 650 3180 legenti
666 3115 730 3166 mihi
746 3117 771 3166 et
787 3117 879 3166 iterum
895 3116 989 3182 legenti
1005 3131 1076 3180 saepe
1092 3114 1169 3180 liujus
1176 3116 1333 3180 imperatoris

329 3219 434 3270 Romani
455 3219 518 3271 dicti
540 3221 567 3270 in
589 3223 695 3271 mentem
711 3221 838 3284 veniebat,
856 3223 901 3287 qui
917 3222 943 3272 in
959 3221 1111 3272 orationibus
1127 3237 1198 3286 seepe
1214 3223 1265 3271 tam
1280 3237 1332 3273 ver·

329 3323 405 3374 bosus
433 3328 462 3375 ut
487 3325 618 3377 fastidium
644 3330 755 3389 moveat,
778 3330 902 3379 coeterum
918 3331 945 3380 in
961 3329 1067 3379 historio
1081 3303 1144 3378 satis
1160 3330 1199 3376 est
1214 3326 1331 3393 diligens.

327 3431 412 3487 Quum
438 3433 504 3483 enim
531 3433 654 3498 specimen
680 3433 821 3484 studiorum
843 3449 954 3484 meorum
969 3434 1040 3486 edere
1055 3434 1159 3498 vellem,
1176 3434 1242 3484 hunc
1257 3434 1332 3498 scrip

327 3537 404 3584 torem
432 3536 498 3602 elegi
523 3539 565 3588 cui
590 3552 688 3603 operum
713 3555 840 3603 navarem3
867 3538 985 3605 quasdam
1005 3541 1088 3606 igitur
1111 3538 1291 3590 emendationes
1307 3543 1332 3590 et

326 3640 508 3693 observationes
534 3642 630 3708 publici
646 3643 710 3710 juris
726 3647 773 3697 leci
790 3648 820 3696 nt
836 3647 877 3696 lex
893 3661 932 3696 me
945 3646 1026 3710 jubet.
1042 3646 1190 3712 Dionysium
1207 3661 1254 3696 non
1270 3647 1331 3697 inte·

329 3763 405 3812 grum
421 3746 452 3798 ad
470 3763 514 3799 nos
531 3752 672 3814 pervenisse
687 3751 821 3803 lectionum
836 3754 943 3804 varietas
957 3754 983 3804 in
998 3753 1065 3804 codd.
1076 3754 1214 3819 (inquibus
1222 3758 1331 3819 praestat

332 3853 451 3919 Urbinas)
476 3854 617 3906 luculenter
638 3857 798 3910 demonstrat.
820 3859 867 3910 Sed
884 3861 1022 3925 complures
1039 3862 1088 3911 iam
1104 3862 1154 3912 viri
1170 3861 1236 3913 docti
1251 3863 1331 3913 mults

323 3975 386 4024 quae
411 3977 425 4011 a
446 3961 559 4013 librariis
576 3964 722 4029 turpissime
739 3968 856 4031 corrupto
870 3969 940 4017 erant
956 3968 1004 4018 ite
1020 3967 1180 4018 emendarunt
1197 3970 1330 4020 utnullum

325 4070 360 4118 sit
381 4067 486 4119 dubium
503 4070 565 4135 quin
581 4073 667 4122 auctor
683 4072 729 4122 hoc
746 4073 829 4137 ipsum
846 4074 989 4138 scripserit,
1002 4073 1068 4140 qnod
1075 4076 1220 4140 praesertim
1229 4077 1294 4128 velet
1302 4076 1332 4128 de

325 4177 358 4226 iis
375 4175 587 4228 emendationibus
602 4193 665 4243 qnae
681 4194 695 4229 a
710 4179 814 4246 vulgata
822 4179 926 4231 lectione
934 4181 1017 4232 literis
1023 4196 1112 4247 perum
1119 4181 1244 4237 differunt.
1252 4185 1330 4235 Inter·

326 4281 385 4333 dum
413 4297 491 4333 unum
515 4282 556 4335 vel
579 4283 654 4352 plura
679 4283 752 4336 verba
776 4285 896 4338 excidisse
921 4289 964 4338 eut
986 4287 1106 4342 emblema
1130 4305 1160 4342 en
1176 4294 1287 4360 margine
1303 4293 1330 4348 in
