3276 5188
750 645 787 705 17

270 866 383 931 Dicam
409 868 493 954 quod
516 869 634 951 sentio;
659 869 796 954 plurima
808 869 950 932 animum
962 870 1116 934 inclinant
1128 871 1161 933 in
1172 869 1255 934 hano

269 1016 459 1080 sententiam
493 1023 528 1079 ut
563 1021 672 1101 putem
707 1016 741 1078 in
772 1009 862 1078 ἕνεκα
896 1013 1002 1092 γένους
1037 1019 1137 1082 latere
1158 1013 1253 1094 ὄνομα

266 1165 416 1246 alelluia-3
439 1184 535 1248 quam
559 1163 784 1247 oonjeoturam‚
797 1164 857 1226 etsi
870 1163 996 1228 ouidam
1009 1165 1142 1230 fortasse
1154 1164 1249 1228 nimis

266 1310 374 1374 audax
415 1311 581 1395 videatur,
614 1333 678 1376 non
713 1311 858 1376 dubitavi
895 1333 1072 1398 proponere
1106 1313 1249 1398 cogitans

267 1481 377 1523 sanam
411 1461 567 1524 rationem
591 1480 672 1545 quae
694 1480 810 1524 nomen
835 1459 934 1524 Mucii
958 1462 1098 1546 postulat
1121 1461 1249 1545 majoris

265 1606 418 1671 momenti
441 1629 509 1671 esse
531 1628 628 1693 quam
650 1608 746 1672 fidem
767 1608 891 1673 soribae
912 1609 1112 1694 negligenter
1134 1609 1249 1676 deseri·

265 1751 369 1817 bentis
392 1760 448 1818 aut
470 1755 701 1821 inconsiderate
712 1755 908 1840 corrigentis.
923 1754 1015 1829 Quod
1027 1777 1120 1841 porro
1131 1757 1247 1821 attinet

264 1901 305 1966 ad
333 1901 431 1966 verba
453 1901 504 1966 aui
529 1902 562 1966 οὺ
585 1908 644 1966 τῶν
667 1905 876 1984 ἐπιτυχόντων
899 1905 999 1969 fateor
1022 1925 1074 1969 me
1091 1910 1248 1991 procerte

264 2050 424 2117 affirmare
457 2073 520 2117 non
550 2075 641 2139 posse
664 2053 741 2139 quid
764 2054 824 2118 sibi
848 2054 966 2136 velint,
992 2074 1050 2118 neo
1076 2053 1247 2139 quiequam

266 2198 477 2265 desiderarem
509 2202 536 2265 si
571 2207 679 2267 noster
713 2223 751 2267 ea
784 2222 913 2287 prorsus
936 2201 1103 2265 omisisset.
1128 2199 1247 2266 Garrer

265 2347 342 2412 haee
378 2349 424 2413 ita
457 2350 707 2438 interpretatur:
742 2372 806 2415 non
841 2372 912 2416 sum
948 2350 1042 2415 homo
1075 2348 1115 2413 de
1138 2347 1248 2434 plebe3

267 2517 350 2581 quae
384 2498 606 2584 interpretatio
640 2499 718 2564 mihi
752 2499 858 2564 minus
884 2500 998 2586 placet.
1022 2497 1139 2562 Omnia
1162 2496 1247 2562 enim

263 2645 297 2709 in
331 2646 391 2711 hoo
425 2654 517 2712 sunt:
551 2670 621 2714 sum
644 2648 809 2714 Romanus
831 2649 852 2712 i.
876 2669 904 2713 e.
928 2668 999 2712 sum
1021 2646 1099 2712 aivis
1121 2667 1163 2710 ex
1186 2645 1247 2710 hae

262 2792 364 2858 libera
387 2795 517 2862 civitate
538 2818 635 2882 quam
656 2803 692 2862 tu
715 2797 748 2860 in
769 2785 955 2861 servitutem
966 2794 1110 2880 redigere
1121 2794 1244 2859 conaris

262 2948 294 3005 et
328 2943 401 3007 veni
434 2950 470 3010 ut
505 2945 627 3031 patriae
651 2939 741 3011 meae
762 2945 899 3010 salutem
921 2929 1077 3009 afferrem.
1098 2942 1137 3006 In
1152 2943 1246 3027 juve·

262 3109 335 3152 nem
369 3112 444 3156 vero
480 3093 634 3178 praeclari
665 3091 886 3177 magnitudine
916 3091 1015 3156 animi
1036 3096 1068 3156 et
1091 3089 1246 3175 singulari

261 3240 384 3323 patriae
418 3223 525 3306 amore
558 3242 734 3307 excitatum
766 3247 802 3306 ut
832 3262 992 3306 summum
1022 3260 1140 3325 prosa
1162 3239 1245 3326 peri·
1277 3237 1280 3244 '

261 3387 369 3452 aulum
391 3388 494 3455 adiret
517 3411 581 3454 non
604 3389 740 3475 quadrat
766 3389 852 3475 apud
872 3409 980 3474 regem
997 3387 1244 3472 hostiumquem

260 3532 450 3601 obtruncare
474 3538 619 3602 voluerat
638 3537 767 3623 gloriari
790 3558 823 3602 se
842 3557 910 3602 esse
920 3535 1082 3601 hominem
1093 3536 1242 3601 nobilem.

261 3683 410 3751 Fortasse
433 3687 532 3752 verba
555 3687 670 3752 oodiais
693 3688 720 3751 si
741 3686 856 3752 mendo
878 3692 987 3751 oarent
1010 3686 1123 3750 melius
1145 3684 1242 3749 inter·

260 3835 459 3922 pretabimur
483 3837 511 3900 si
533 3835 567 3901 ori
586 3839 647 3900 τῶν
660 3833 868 3916 ἐπιτυχόντων
880 3835 941 3900 hoo
954 3856 1048 3900 sensu
1060 3834 1242 3921 aeoipimns:

259 4005 322 4048 aon
357 4006 427 4050 eum
462 4008 500 4050 ea
533 3986 666 4050 obscura
692 3986 837 4054 ‚civitate
874 3983 1038 4049 Gloriatur
1068 4003 1102 4048 se
1124 3981 1242 4046 Roma·

260 4153 337 4196 num
371 4155 461 4217 esse,
495 4134 581 4219 quod
614 4133 733 4221 optime
761 4134 909 4199 convenit
931 4139 998 4198 tam
1021 4153 1094 4197 oum
1114 4130 1242 4217 ingenio

260 4282 369 4368 populi
404 4281 542 4348 Romani
573 4305 665 4349 suam
696 4284 833 4370 patriam
867 4304 991 4370 semper
1013 4282 1162 4348 laudibus
1186 4303 1242 4347 ex·

1143 4434 1163 4499 2
