3276 5188
835 589 872 650 14

401 813 474 879 Lib.
497 813 539 879 V.
565 835 591 878 o.
604 815 634 878 2.
659 811 883 886 ἐκκλησίαν
907 835 941 877 σε
966 812 1072 888 αὐτοῖς
1094 814 1248 880 ἀπέδοσαν
1268 814 1340 894 ὑπὲρ

354 961 413 1027 τῶν
435 959 594 1040 μεγίστων
617 965 671 1026 καὶ
694 967 800 1045 ψῆφον
824 961 980 1045 ἐπιφέρειν
1004 961 1055 1027 καὶ
1075 957 1341 1044 ποῖλλαπράππειν
1424 959 1427 966 ’

357 1107 415 1176 ὅσοι
456 1111 541 1176 κοινοὶ
582 1111 653 1186 τοὺς
694 1109 851 1194 προτέρους
890 1112 1038 1190 ἐθισμοὺς
1079 1111 1240 1194 ἔπραττον.
1277 1113 1342 1178 Pro

358 1263 510 1335 ἐκκλησία
545 1261 697 1328 Reiskius
733 1265 861 1348 conjicit
892 1261 1114 1346 ἐκκλησιάζειν,
1150 1286 1247 1350 quam
1280 1265 1342 1328 lee-

357 1414 476 1479 tionem
525 1413 731 1500 praetulerim
781 1420 911 1501 propter
955 1419 1123 1500 sequentes
1168 1413 1342 1478 infinitivus

356 1560 459 1644 Φέρειν
483 1567 515 1630 et
538 1567 695 1642 πράσσειν.

400 1711 577 1778 Collatinus
609 1732 708 1798 quum
739 1710 835 1776 Bruti
867 1712 1015 1799 exemplo
1044 1733 1107 1777 non
1131 1711 1341 1779 adduooratur

360 1868 397 1928 ut
445 1861 588 1927 libertati
634 1861 758 1948 patriae
791 1862 897 1926 omnia
932 1863 1107 1948 praeferret
1140 1882 1198 1948 pro
1227 1862 1341 1928 sororis

357 2011 431 2076 filiis
454 2009 641 2096 proditionis
664 2011 816 2075 convictis
839 2031 967 2076 oausam
990 2011 1145 2097 suseipit;
1168 2010 1207 2076 de
1230 2032 1340 2098 quare

359 2160 431 2225 Lib.
455 2160 497 2226 V.
521 2181 547 2224 e.
571 2162 591 2224 9
613 2159 697 2224 inter
715 2160 779 2224 alia
796 2158 875 2226 hasa
893 2160 1049 2226 eduntur:
1063 2158 1186 2232 πολλοὶς
1197 2159 1343 2237 ἐξέτεινεν

360 2309 433 2390 ὑπὲρ
463 2311 525 2374 σῶν
551 2307 713 2387 μειρκκίιιν
735 2307 863 2382 δεήσεις.
887 2307 929 2372 σοὶ
952 2308 1009 2386 μὲν
1032 2307 1282 2388 ἀπολογούμενος
1304 2310 1342 2384 ὡς

358 2457 408 2522 aa
432 2456 570 2532 vetram
603 2455 776 2535 ἄρνοιοιν
799 2461 854 2522 aui
878 2456 1009 2538 πονηρὰς
1032 2458 1132 2541 Φίλιον
1155 2458 1280 2537 ὃμιλίιις
1302 2459 1345 2530 εἷς

357 2609 474 2680 σκιίπην
498 2606 694 2685 ἐμπεσόντων
713 2611 769 2689 τὴν
789 2604 1054 2690 φρενοβλάβειοιν.
1066 2647 1107 2656 -
1120 2609 1253 2674 Minime
1264 2608 1343 2673 mihi

360 2757 412 2822 hio
447 2758 552 2844 plaoet
584 2761 724 2834 ἄγνοιαν.
747 2757 842 2822 Bruti
873 2757 930 2822 filii
961 2763 993 2823 et
1025 2757 1059 2822 hi
1089 2757 1266 2843 dequibus
1290 2756 1342 2822 hie

359 2928 462 2972 sermo
486 2914 621 2973 estnon
645 2913 736 2972 erant
759 2908 885 2994 pueruli
908 2927 1043 2992 quorum
1067 2913 1115 2972 est
1137 2901 1268 2991 ἄννοιοι,
1287 2905 1342 2972 sed

356 3059 492 3143 juvenes
516 3077 653 3143 quorum
677 3063 725 3121 est
746 3059 854 3138 ἄνοιοι,
878 3055 963 3141 quod
982 3057 1109 3121 omnino
1127 3057 1343 3143 hieroponen-

358 3206 454 3290 dum,
488 3213 524 3270 ut
560 3206 680 3293 optime
714 3204 819 3271 editur
850 3204 922 3269 Lib.
957 3203 1018 3270 XI.
1054 3226 1081 3270 ο.
1109 3201 1342 3284 12.πραξ1νονσι

363 3353 423 3429 τοὶς
456 3358 519 3418 τῶν
552 3351 735 3431 ἠδικημένων
765 3350 861 3432 ὀργὰς
893 3350 919 3416 οἱ
950 3350 1006 3429 μὲν
1030 3351 1073 3426 εἷς
1096 3347 1199 3416 ἄνοικν
1222 3351 1344 3426 ἧλικΙκς

362 3505 638 3583 κκποιφειλνοννες,
676 3501 702 3566 οἱ
736 3501 767 3566 δὲ
797 3501 841 3574 εἷς
863 3501 996 3579 πονηρῶν
1019 3497 1185 3578 ἀνθρώπων
1207 3499 1348 3578 ὁμιλίας(

401 3653 473 3719 Lib.
499 3652 541 3717 V.
565 3673 591 3716 e.
620 3654 669 3716 11.
693 3650 784 3716 Haeo
807 3651 980 3736 leguntur:
1004 3647 1188 3732 Κολλοισίνῳ
1205 3650 1262 3727 μὲν
1281 3671 1345 3714 ποι.-

361 3807 468 3882 ροιινῶν
504 3785 709 3879 μεσκθέσθκι
742 3821 778 3862 σε
811 3798 865 3873 την
899 3796 1012 3872 οἴκησιν
1045 3797 1173 3878 ἑτέρωθί
1202 3798 1271 3887 (γε’)
1294 3796 1345 3863 ποί

361 3973 437 4016 ποτε
475 3949 581 4014 ποὲνπιι
618 3948 661 4014 σοὶ
689 3948 798 4014 ἐοινποῦ
820 3947 977 4026 λκβόνποι.
1000 3947 1065 4013 Pro
1087 3946 1214 4028 ἑτέρωθί
1235 3947 1274 4027 γέ
1295 3947 1347 4015 σοι’

307 4179 310 4184 Ι
362 4101 412 4166 vir
434 4099 484 4165 Ol.
510 4099 649 4166 Oobetus
674 4095 730 4181 (N.
756 4097 794 4166 L.
806 4121 838 4186 p.
852 4100 939 4182 703.)
952 4099 1045 4164 unice
1056 4119 1166 4164 veram
1177 4100 1345 4166 lectionem

363 4249 528 4336 proposuit
550 4270 665 4336 nempe
688 4246 812 4328 ἑτέρωσέ
831 4249 987 4332 ποι,ο1ιό.
1001 4246 1146 4332 Sequens
1157 4270 1232 4312 ποτε
1244 4249 1345 4314 libens
