3276 5188
743 661 781 723 51

315 887 431 951 Misere
465 893 539 951 sunt
574 892 724 972 corrupta
746 893 778 950 et
801 909 842 952 ex
866 891 958 972 parte
980 903 1112 972 prorsus
1129 884 1253 972 perdita

271 1043 303 1100 et
326 1038 523 1102 conclamata
544 1059 626 1124 quae
648 1039 799 1122 leguntur
821 1027 855 1100 in
878 1037 940 1100 fine
964 1035 1251 1120 ejusdemeapitis:

271 1188 338 1250 κκί
373 1187 405 1250 εί
440 1195 558 1252 ποὺπο
593 1190 704 1265 μοονείς
737 1186 751 1250 ὑ
782 1185 876 1266 δῆμος
899 1184 1055 1265 ὑπομείνῃ,
1079 1182 1176 1248 ποίλιν
1198 1183 1276 1256 πίον·

270 1338 367 1412 adrian
392 1344 586 1402 καποίοπαοιν
606 1333 703 1418 ἔχετε
727 1339 780 1399 κοοί
801 1335 833 1399 εί
854 1339 989 1400 κωλοίεπε
1014 1331 1130 1410 λέγειν,
1155 1331 1254 1396 ὑπίοοο

270 1485 424 1565 βοὺλεποοί
445 1511 491 1558 πος
514 1485 590 1566 ὑπὲρ
612 1497 667 1567 τῆς
692 1484 858 1565 ποοποίὺος,
886 1488 954 1571 (κοοί
978 1484 1003 1548 εί
1023 1482 1127 1548 δίκαιον
1150 1486 1254 1546 παὺποο

271 1635 415 1721 δόξωσιν).
440 1636 530 1711 Quae
552 1637 643 1701 uneis
661 1637 776 1701 ineluei
793 1636 893 1700 codex
904 1634 1057 1698 Laurent.
1065 1634 1140 1718 jure
1162 1632 1253 1696 omit·

271 1787 330 1869 tit,
364 1808 502 1872 nemque
535 1808 664 1872 prorsus
698 1792 773 1849 sunl
806 1786 916 1871 inepta
949 1789 981 1848 et
1005 1788 1041 1847 ut
1063 1782 1254 1847 insanabilia

271 1936 450 2020 rejicienda.
475 1935 615 2021 Reliqua
637 1937 683 2000 sie
705 1955 892 2020 componere
911 1940 942 1998 et
963 1932 1130 1998 emendare
1141 1933 1252 1996 liceat:

272 2080 342 2147 κίον
365 2087 477 2161 μοονείς
499 2083 512 2147 ὑ
537 2083 631 2159 δῆμος
653 2083 669 2147 ὑ
677 2085 757 2160 μοῖς
782 2081 948 2162 ὑπομείνῃ,
971 2079 1067 2145 ποίλιν
1089 2080 1253 2154 alexiade

272 2238 465 2297 καπάοποσνν
496 2232 588 2313 ἔχετε
612 2231 664 2295 κοί
688 2235 822 2296 κωλύετε
847 2238 906 2297 eet.
932 2231 1032 2317 Oujue
1055 2231 1255 2316 eonJ‘eeturae

269 2389 305 2447 ut
327 2384 483 2448 rationem
506 2383 636 2448 reddam
655 2384 794 2469 primum
814 2382 942 2468 quidem
961 2380 1094 2447 observo
1106 2381 1254 2464 eonjune·

272 2534 374 2597 tivum
409 2532 557 2618 ὑπομείνῃ
591 2534 768 2598 necessario
798 2534 988 2619 particulam
1011 2529 1049 2596 ἄν
1072 2532 1254 2619 requirere,

273 2682 356 2768 quod
387 2683 457 2767 jam
491 2683 655 2769 Kiessling
690 2690 776 2750 reete
805 2684 895 2750 vidit.
927 2683 1051 2749 Deinde
1072 2686 1160 2746 τοῦτο
1184 2687 1255 2768 post

274 2834 330 2894 κᾶν
353 2832 433 2896 mihi
456 2832 585 2919 quidem
607 2855 670 2898 non
689 2835 810 2919 placet,
824 2831 1079 2919 quandoquidem
1089 2852 1154 2897 non
1165 2837 1254 2917 patet

274 2986 382 3046 utrum
404 2981 444 3046 ad
466 2981 674 3063 δεκαδαρχίαν
695 2982 782 3059 ὑμῶν
804 2982 890 3066 (vide
909 3003 991 3069 quae
1010 2984 1156 3068 proxime
1166 2988 1256 3048 ante-

273 3130 401 3215 cedunt)
424 3131 624 3197 referendum
647 3133 688 3196 sit
710 3153 751 3197 an
774 3132 815 3198 ad
833 3153 968 3218 sequena
980 3131 1127 3213 πατρίους
1138 3132 1251 3213 οίρχάςς

272 3277 355 3355 ὑμᾶς
389 3302 464 3346 vero
499 3281 584 3366 qnod
606 3287 681 3348 ante
704 3280 852 3368 ὑπομείνῃ
875 3283 980 3347 insero
1003 3303 1129 3348 omnem
1152 3269 1252 3347 ambi·

271 3429 428 3513 guitalem
463 3431 567 3514 tellil3
604 3431 696 3496 feeile
725 3437 832 3496 autem
867 3437 988 3498 TMAG
1019 3438 1091 3517 post
1113 3429 1254 3497 δΗΜΟΟ

210 3647 213 3650 ,
273 3579 462 3645 intercidere
491 3581 605 3665 potuit.
630 3580 752 3645 Eadem
774 3583 840 3647 lere
863 3582 1021 3648 sententia
1043 3583 1160 3667 legitur
1182 3580 1254 3647 Lib.

272 3727 334 3806 XI.
359 3751 385 3794 e.
413 3732 462 3794 11.
488 3730 542 3793 ε’άν
565 3754 599 3794 πε
624 3730 686 3811 γὰρ
710 3731 862 3808 &aarum
885 3734 1029 3810 Ῥωμοοίοι
1056 3737 1170 3806 πάντες
1192 3732 1253 3795 ὀλο·
1315 3729 1319 3738 ’

275 3880 499 3963 γαοχοιίμενοι,
524 3883 578 3943 κοοί
596 3879 697 3958 με’νεον
721 3881 828 3959 ὑμᾶς
853 3883 905 3945 ἐπὶ
923 3887 979 3961 τῆς
997 3881 1095 3954 κὺπῆς
1117 3879 1255 3958 ἐξουσίαις

273 4029 495 4113 dediceram,
517 4029 582 4093 κπὲ.
607 4030 720 4117 Neque
743 4033 779 4094 εί
803 4037 878 4096 ante
888 4028 1025 4094 κωλύετε
1037 4029 1140 4108 λέγειν
1152 4031 1254 4097 feren·

270 4178 346 4244 dum
368 4201 451 4266 quae
475 4182 655 4266 conjunctio
674 4181 771 4246 etiam
791 4179 984 4266 Kiesslingio
997 4182 1105 4268 apuria
1117 4181 1253 4266 videtur3

271 4323 402 4395 minime
429 4342 503 4397 vero
528 4333 596 4397 viro
619 4331 701 4398 doet.
727 4333 882 4398 assentior
904 4331 1126 4418 corrigendum
1152 4335 1253 4424 suspi-
