<?xml version="1.0" encoding="UTF-8"?>
<!DOCTYPE html PUBLIC "-//W3C//DTD XHTML 1.0 Transitional//EN"
    "http://www.w3.org/TR/xhtml1/DTD/xhtml1-transitional.dtd">
<html xmlns="http://www.w3.org/1999/xhtml" xml:lang="en" lang="en">
 <head>
  <title>
</title>
<meta http-equiv="Content-Type" content="text/html;charset=utf-8" />
  <meta name='ocr-system' content='tesseract 3.04.00' />
  <meta name='ocr-capabilities' content='ocr_page ocr_carea ocr_par ocr_line ocrx_word'/>
</head>
<body>
  <div class='ocr_page' id='page_1' title='image "./observationesad00smitgoog_0074.png"; bbox 0 0 3276 5188; ppageno 0'>
   <div class='ocr_carea' id='block_1_1' title="bbox 789 633 830 693">
    <p class='ocr_par' dir='ltr' id='par_1_1' title="bbox 789 633 830 693">
     <span class='ocr_line' id='line_1_1' title="bbox 789 633 830 693; baseline -0.024 0"><span class='ocrx_word' id='word_1_1' title='bbox 789 633 830 693; x_wconf 84' lang='lat'><strong>59</strong></span> 
     </span>
    </p>
   </div>
   <div class='ocr_carea' id='block_1_2' title="bbox 313 855 1296 945">
    <p class='ocr_par' dir='ltr' id='par_1_2' title="bbox 313 855 1296 945">
     <span class='ocr_line' id='line_1_2' title="bbox 313 855 1296 945; baseline 0.003 -23"><span class='ocrx_word' id='word_1_2' title='bbox 313 863 419 934; x_wconf 78' lang='grc' dir='ltr'><strong><em>κάμνει</em></strong></span> <span class='ocrx_word' id='word_1_3' title='bbox 455 855 562 921; x_wconf 72' lang='lat' dir='ltr'><strong>adora</strong></span> <span class='ocrx_word' id='word_1_4' title='bbox 596 855 678 936; x_wconf 74' lang='grc' dir='ltr'><strong><em>δίψει</em></strong></span> <span class='ocrx_word' id='word_1_5' title='bbox 712 859 752 920; x_wconf 80' lang='grc' dir='ltr'><strong>τὰ</strong></span> <span class='ocrx_word' id='word_1_6' title='bbox 785 855 1296 945; x_wconf 67' lang='lat' dir='ltr'><strong>Bord.11aaunaquamStruve</strong></span> 
     </span>
    </p>
   </div>
   <div class='ocr_carea' id='block_1_3' title="bbox 300 1002 1341 3936">
    <p class='ocr_par' dir='ltr' id='par_1_3' title="bbox 308 1002 1293 1833">
     <span class='ocr_line' id='line_1_3' title="bbox 310 1002 1293 1094; baseline 0 -22"><span class='ocrx_word' id='word_1_7' title='bbox 310 1007 501 1094; x_wconf 79' lang='lat' dir='ltr'><strong>significavit</strong></span> <span class='ocrx_word' id='word_1_8' title='bbox 531 1009 576 1074; x_wconf 87' lang='lat' dir='ltr'><strong>sie</strong></span> <span class='ocrx_word' id='word_1_9' title='bbox 598 1007 757 1094; x_wconf 87' lang='lat' dir='ltr'><strong>explenda</strong></span> <span class='ocrx_word' id='word_1_10' title='bbox 784 1006 926 1073; x_wconf 88' lang='lat' dir='ltr'><strong>videtur:</strong></span> <span class='ocrx_word' id='word_1_11' title='bbox 960 1002 1034 1089; x_wconf 73' lang='lat' dir='ltr'><strong>cipp</strong></span> <span class='ocrx_word' id='word_1_12' title='bbox 1066 1005 1179 1082; x_wconf 78' lang='grc' dir='ltr'><em>ἔνννς</em></span> <span class='ocrx_word' id='word_1_13' title='bbox 1204 1007 1293 1082; x_wconf 64' lang='lat' dir='ltr'><strong>iotae</strong></span> 
     </span>
     <span class='ocr_line' id='line_1_4' title="bbox 310 1152 1288 1244; baseline 0 -22"><span class='ocrx_word' id='word_1_14' title='bbox 310 1162 368 1222; x_wconf 87' lang='lat' dir='ltr'><strong>eet.</strong></span> <span class='ocrx_word' id='word_1_15' title='bbox 403 1157 562 1244; x_wconf 77' lang='lat' dir='ltr'><strong>Tempora</strong></span> <span class='ocrx_word' id='word_1_16' title='bbox 582 1158 667 1222; x_wconf 91' lang='lat' dir='ltr'><strong>enim</strong></span> <span class='ocrx_word' id='word_1_17' title='bbox 691 1157 766 1220; x_wconf 88' lang='lat' dir='ltr'><strong>anni</strong></span> <span class='ocrx_word' id='word_1_18' title='bbox 790 1155 913 1221; x_wconf 78' lang='lat' dir='ltr'><strong>Graece</strong></span> <span class='ocrx_word' id='word_1_19' title='bbox 934 1155 1084 1222; x_wconf 88' lang='lat' dir='ltr'><strong>dieuntur</strong></span> <span class='ocrx_word' id='word_1_20' title='bbox 1107 1152 1179 1236; x_wconf 73' lang='grc' dir='ltr'><strong>ὧραι</strong></span> <span class='ocrx_word' id='word_1_21' title='bbox 1203 1155 1288 1232; x_wconf 75' lang='grc' dir='ltr'><strong><em>ἔτους</em></strong></span> 
     </span>
     <span class='ocr_line' id='line_1_5' title="bbox 310 1299 1292 1389; baseline -0.001 -18"><span class='ocrx_word' id='word_1_22' title='bbox 310 1307 361 1371; x_wconf 79' lang='lat' dir='ltr'><strong>vel</strong></span> <span class='ocrx_word' id='word_1_23' title='bbox 392 1307 446 1370; x_wconf 78' lang='grc' dir='ltr'><strong>τοῦ</strong></span> <span class='ocrx_word' id='word_1_24' title='bbox 480 1299 626 1371; x_wconf 64' lang='lat' dir='ltr'><strong>tutandos).</strong></span> <span class='ocrx_word' id='word_1_25' title='bbox 661 1328 691 1370; x_wconf 82' lang='lat' dir='ltr'><strong>r.</strong></span> <span class='ocrx_word' id='word_1_26' title='bbox 726 1327 752 1371; x_wconf 90' lang='lat' dir='ltr'><strong>o.</strong></span> <span class='ocrx_word' id='word_1_27' title='bbox 788 1305 860 1370; x_wconf 89' lang='lat' dir='ltr'><strong>Lib.</strong></span> <span class='ocrx_word' id='word_1_28' title='bbox 897 1305 957 1370; x_wconf 91' lang='lat' dir='ltr'><strong>VI.</strong></span> <span class='ocrx_word' id='word_1_29' title='bbox 987 1327 1014 1371; x_wconf 86' lang='lat' dir='ltr'><strong>a.</strong></span> <span class='ocrx_word' id='word_1_30' title='bbox 1047 1309 1098 1371; x_wconf 76' lang='lat'><strong>62.</strong></span> <span class='ocrx_word' id='word_1_31' title='bbox 1124 1301 1183 1389; x_wconf 72' lang='lat' dir='ltr'><strong>cipp</strong></span> <span class='ocrx_word' id='word_1_32' title='bbox 1206 1303 1292 1381; x_wconf 72' lang='grc' dir='ltr'><strong><em>ἔτους</em></strong></span> 
     </span>
     <span class='ocr_line' id='line_1_6' title="bbox 310 1450 1293 1536; baseline 0.003 -19"><span class='ocrx_word' id='word_1_33' title='bbox 310 1452 455 1535; x_wconf 79' lang='grc' dir='ltr'><strong>χειμερίῳ</strong></span> <span class='ocrx_word' id='word_1_34' title='bbox 489 1453 561 1519; x_wconf 88' lang='lat' dir='ltr'><strong>Lib.</strong></span> <span class='ocrx_word' id='word_1_35' title='bbox 592 1454 691 1519; x_wconf 87' lang='lat' dir='ltr'><strong>VIII.</strong></span> <span class='ocrx_word' id='word_1_36' title='bbox 715 1476 741 1518; x_wconf 89' lang='lat' dir='ltr'><strong>a.</strong></span> <span class='ocrx_word' id='word_1_37' title='bbox 766 1457 817 1518; x_wconf 88' lang='grc'><strong>89.</strong></span> <span class='ocrx_word' id='word_1_38' title='bbox 841 1453 872 1517; x_wconf 86' lang='grc' dir='ltr'><strong>ἕν</strong></span> <span class='ocrx_word' id='word_1_39' title='bbox 895 1459 1029 1536; x_wconf 71' lang='grc' dir='ltr'><strong>πνιγηρᾷ</strong></span> <span class='ocrx_word' id='word_1_40' title='bbox 1051 1450 1110 1536; x_wconf 69' lang='grc' dir='ltr'><strong>ὥρᾳ</strong></span> <span class='ocrx_word' id='word_1_41' title='bbox 1133 1452 1229 1530; x_wconf 49' lang='grc' dir='ltr'><em>ἕνον.</em></span> <span class='ocrx_word' id='word_1_42' title='bbox 1253 1456 1293 1521; x_wconf 85' lang='lat' dir='ltr'><strong>of.</strong></span> 
     </span>
     <span class='ocr_line' id='line_1_7' title="bbox 309 1599 1289 1683; baseline -0.002 -15"><span class='ocrx_word' id='word_1_43' title='bbox 309 1603 410 1668; x_wconf 80' lang='lat' dir='ltr'><strong>Thus.</strong></span> <span class='ocrx_word' id='word_1_44' title='bbox 434 1603 506 1670; x_wconf 87' lang='lat' dir='ltr'><strong>Lib.</strong></span> <span class='ocrx_word' id='word_1_45' title='bbox 529 1603 609 1669; x_wconf 89' lang='lat' dir='ltr'><strong>VII.</strong></span> <span class='ocrx_word' id='word_1_46' title='bbox 633 1626 659 1670; x_wconf 89' lang='lat' dir='ltr'><strong>o.</strong></span> <span class='ocrx_word' id='word_1_47' title='bbox 684 1606 736 1668; x_wconf 76' lang='lat'><strong>47.</strong></span> <span class='ocrx_word' id='word_1_48' title='bbox 758 1610 813 1683; x_wconf 68' lang='grc' dir='ltr'><strong>τῆς</strong></span> <span class='ocrx_word' id='word_1_49' title='bbox 836 1625 871 1666; x_wconf 85' lang='grc' dir='ltr'><strong>τε</strong></span> <span class='ocrx_word' id='word_1_50' title='bbox 891 1599 968 1682; x_wconf 72' lang='grc' dir='ltr'><em>ὥραις</em></span> <span class='ocrx_word' id='word_1_51' title='bbox 990 1609 1043 1668; x_wconf 78' lang='grc' dir='ltr'><strong>τοῦ</strong></span> <span class='ocrx_word' id='word_1_52' title='bbox 1062 1603 1289 1668; x_wconf 66' lang='lat' dir='ltr'><strong>turtureum!-</strong></span> 
     </span>
     <span class='ocr_line' id='line_1_8' title="bbox 308 1705 1130 1833; baseline 0.005 -19"><span class='ocrx_word' id='word_1_53' title='bbox 308 1773 362 1825; x_wconf 67' lang='grc' dir='ltr'><strong>της</strong></span> <span class='ocrx_word' id='word_1_54' title='bbox 385 1751 475 1826; x_wconf 76' lang='grc' dir='ltr'><em>οὔσης</em></span> <span class='ocrx_word' id='word_1_55' title='bbox 499 1755 528 1815; x_wconf 77' lang='grc' dir='ltr'><strong>ἐν</strong></span> <span class='ocrx_word' id='word_1_56' title='bbox 551 1748 570 1833; x_wconf 73' lang='grc' dir='ltr'><em>ᾖ</em></span> <span class='ocrx_word' id='word_1_57' title='bbox 594 1705 774 1818; x_wconf 65' lang='grc' dir='ltr'><em>ἀσθενοῦσιν</em></span> <span class='ocrx_word' id='word_1_58' title='bbox 797 1749 950 1832; x_wconf 66' lang='grc' dir='ltr'><strong>ἄνθρωπον</strong></span> <span class='ocrx_word' id='word_1_59' title='bbox 974 1750 1130 1830; x_wconf 66' lang='lat' dir='ltr'><strong>otiatura.</strong></span> 
     </span>
    </p>

    <p class='ocr_par' dir='ltr' id='par_1_4' title="bbox 300 1901 1341 3936">
     <span class='ocr_line' id='line_1_9' title="bbox 352 1901 1292 1990; baseline 0.004 -25"><span class='ocrx_word' id='word_1_60' title='bbox 352 1901 424 1967; x_wconf 90' lang='lat' dir='ltr'><strong>Lib.</strong></span> <span class='ocrx_word' id='word_1_61' title='bbox 451 1902 551 1968; x_wconf 89' lang='lat' dir='ltr'><strong>XIII.</strong></span> <span class='ocrx_word' id='word_1_62' title='bbox 574 1924 643 1988; x_wconf 86' lang='lat' dir='ltr'><strong>oap.</strong></span> <span class='ocrx_word' id='word_1_63' title='bbox 672 1905 721 1967; x_wconf 87' lang='lat'><strong>13.</strong></span> <span class='ocrx_word' id='word_1_64' title='bbox 746 1901 877 1986; x_wconf 88' lang='lat' dir='ltr'><strong>(Kiessl.</strong></span> <span class='ocrx_word' id='word_1_65' title='bbox 902 1901 962 1967; x_wconf 92' lang='lat' dir='ltr'><strong>IV.</strong></span> <span class='ocrx_word' id='word_1_66' title='bbox 986 1925 1018 1989; x_wconf 88' lang='lat' dir='ltr'><strong>p.</strong></span> <span class='ocrx_word' id='word_1_67' title='bbox 1044 1905 1132 1986; x_wconf 82' lang='lat'><strong>195.)</strong></span> <span class='ocrx_word' id='word_1_68' title='bbox 1156 1903 1292 1990; x_wconf 85' lang='lat' dir='ltr'><strong>legimus</strong></span> 
     </span>
     <span class='ocr_line' id='line_1_10' title="bbox 307 2051 1289 2139; baseline 0.004 -25"><span class='ocrx_word' id='word_1_69' title='bbox 307 2051 530 2136; x_wconf 84' lang='lat' dir='ltr'><strong>pervulgatam</strong></span> <span class='ocrx_word' id='word_1_70' title='bbox 584 2053 725 2118; x_wconf 88' lang='lat' dir='ltr'><strong>fabulam</strong></span> <span class='ocrx_word' id='word_1_71' title='bbox 771 2053 882 2139; x_wconf 86' lang='lat' dir='ltr'><strong>(quam</strong></span> <span class='ocrx_word' id='word_1_72' title='bbox 918 2053 1031 2117; x_wconf 84' lang='lat' dir='ltr'><strong>Livius</strong></span> <span class='ocrx_word' id='word_1_73' title='bbox 1072 2059 1182 2118; x_wconf 86' lang='lat' dir='ltr'><strong>narrat</strong></span> <span class='ocrx_word' id='word_1_74' title='bbox 1218 2054 1289 2118; x_wconf 92' lang='lat' dir='ltr'><strong>Lib.</strong></span> 
     </span>
     <span class='ocr_line' id='line_1_11' title="bbox 309 2201 1291 2288; baseline 0 -21"><span class='ocrx_word' id='word_1_75' title='bbox 309 2201 350 2268; x_wconf 91' lang='lat' dir='ltr'><strong>V.</strong></span> <span class='ocrx_word' id='word_1_76' title='bbox 389 2223 416 2266; x_wconf 91' lang='lat' dir='ltr'><strong>o.</strong></span> <span class='ocrx_word' id='word_1_77' title='bbox 447 2201 516 2288; x_wconf 87' lang='lat'><strong>48.)</strong></span> <span class='ocrx_word' id='word_1_78' title='bbox 541 2201 703 2266; x_wconf 89' lang='lat' dir='ltr'><strong>Romanos</strong></span> <span class='ocrx_word' id='word_1_79' title='bbox 727 2222 746 2265; x_wconf 89' lang='lat' dir='ltr'><strong>a</strong></span> <span class='ocrx_word' id='word_1_80' title='bbox 770 2201 872 2266; x_wconf 82' lang='lat' dir='ltr'><strong>Gallis</strong></span> <span class='ocrx_word' id='word_1_81' title='bbox 894 2202 927 2265; x_wconf 93' lang='lat' dir='ltr'><strong>in</strong></span> <span class='ocrx_word' id='word_1_82' title='bbox 950 2202 1114 2287; x_wconf 84' lang='lat' dir='ltr'><strong>angustias</strong></span> <span class='ocrx_word' id='word_1_83' title='bbox 1138 2201 1291 2268; x_wconf 87' lang='lat' dir='ltr'><strong>adduetos</strong></span> 
     </span>
     <span class='ocr_line' id='line_1_12' title="bbox 307 2349 1291 2435; baseline 0.002 -21"><span class='ocrx_word' id='word_1_84' title='bbox 307 2350 418 2415; x_wconf 91' lang='lat' dir='ltr'><strong>urbem</strong></span> <span class='ocrx_word' id='word_1_85' title='bbox 453 2372 532 2416; x_wconf 86' lang='lat' dir='ltr'><strong>auro</strong></span> <span class='ocrx_word' id='word_1_86' title='bbox 564 2349 719 2416; x_wconf 74' lang='lat' dir='ltr'><strong>redimere</strong></span> <span class='ocrx_word' id='word_1_87' title='bbox 752 2351 911 2435; x_wconf 77' lang='lat' dir='ltr'><strong>voluisse,</strong></span> <span class='ocrx_word' id='word_1_88' title='bbox 934 2357 967 2416; x_wconf 91' lang='lat' dir='ltr'><strong>et</strong></span> <span class='ocrx_word' id='word_1_89' title='bbox 989 2350 1101 2416; x_wconf 88' lang='lat' dir='ltr'><strong>duoem</strong></span> <span class='ocrx_word' id='word_1_90' title='bbox 1125 2351 1291 2417; x_wconf 80' lang='lat' dir='ltr'>Gallorum</span> 
     </span>
     <span class='ocr_line' id='line_1_13' title="bbox 307 2498 1291 2588; baseline 0 -23"><span class='ocrx_word' id='word_1_91' title='bbox 307 2522 406 2588; x_wconf 93' lang='lat' dir='ltr'><strong>quum</strong></span> <span class='ocrx_word' id='word_1_92' title='bbox 427 2501 570 2586; x_wconf 81' lang='lat' dir='ltr'><strong>gladium</strong></span> <span class='ocrx_word' id='word_1_93' title='bbox 592 2499 725 2586; x_wconf 84' lang='lat' dir='ltr'><strong>ponderi</strong></span> <span class='ocrx_word' id='word_1_94' title='bbox 747 2498 941 2583; x_wconf 78' lang='lat' dir='ltr'><strong>addidisset,</strong></span> <span class='ocrx_word' id='word_1_95' title='bbox 965 2506 1113 2585; x_wconf 86' lang='lat' dir='ltr'><strong>rogatum</strong></span> <span class='ocrx_word' id='word_1_96' title='bbox 1135 2500 1212 2586; x_wconf 92' lang='lat' dir='ltr'><strong>quid</strong></span> <span class='ocrx_word' id='word_1_97' title='bbox 1232 2501 1291 2566; x_wconf 89' lang='lat' dir='ltr'><strong>hoo</strong></span> 
     </span>
     <span class='ocr_line' id='line_1_14' title="bbox 306 2646 1290 2736; baseline 0 -21"><span class='ocrx_word' id='word_1_98' title='bbox 306 2651 509 2736; x_wconf 78' lang='lat' dir='ltr'><strong>significaret,</strong></span> <span class='ocrx_word' id='word_1_99' title='bbox 531 2649 746 2736; x_wconf 86' lang='lat' dir='ltr'><strong>respondisse:</strong></span> <span class='ocrx_word' id='word_1_100' title='bbox 771 2646 856 2723; x_wconf 71' lang='grc' dir='ltr'><em>ὀδύνη</em></span> <span class='ocrx_word' id='word_1_101' title='bbox 880 2648 1290 2736; x_wconf 70' lang='grc' dir='ltr'><em>τνῖςκεκρνιτνμὲνννςςῳνί·</em></span> 
     </span>
     <span class='ocr_line' id='line_1_15' title="bbox 304 2797 1289 2886; baseline 0.001 -22"><span class='ocrx_word' id='word_1_102' title='bbox 304 2799 364 2864; x_wconf 89' lang='lat' dir='ltr'><strong>bus</strong></span> <span class='ocrx_word' id='word_1_103' title='bbox 387 2798 493 2864; x_wconf 86' lang='lat' dir='ltr'><strong>verbis</strong></span> <span class='ocrx_word' id='word_1_104' title='bbox 513 2797 635 2864; x_wconf 79' lang='lat' dir='ltr'><strong>Graece</strong></span> <span class='ocrx_word' id='word_1_105' title='bbox 655 2800 834 2886; x_wconf 86' lang='lat' dir='ltr'><strong>exprimere</strong></span> <span class='ocrx_word' id='word_1_106' title='bbox 853 2801 955 2865; x_wconf 86' lang='lat' dir='ltr'><strong>voluit</strong></span> <span class='ocrx_word' id='word_1_107' title='bbox 967 2799 1052 2886; x_wconf 93' lang='lat' dir='ltr'><strong>quod</strong></span> <span class='ocrx_word' id='word_1_108' title='bbox 1063 2799 1150 2886; x_wconf 88' lang='lat' dir='ltr'><strong>apud</strong></span> <span class='ocrx_word' id='word_1_109' title='bbox 1161 2799 1289 2865; x_wconf 84' lang='lat' dir='ltr'><strong>Livium</strong></span> 
     </span>
     <span class='ocr_line' id='line_1_16' title="bbox 304 2949 1287 3037; baseline -0.001 -22"><span class='ocrx_word' id='word_1_110' title='bbox 304 2950 439 3036; x_wconf 86' lang='lat' dir='ltr'><strong>legimus</strong></span> <span class='ocrx_word' id='word_1_111' title='bbox 476 2969 533 3012; x_wconf 82' lang='lat' dir='ltr'><strong>ooo</strong></span> <span class='ocrx_word' id='word_1_112' title='bbox 562 2950 675 3014; x_wconf 79' lang='lat' dir='ltr'><strong>vietis!</strong></span> <span class='ocrx_word' id='word_1_113' title='bbox 700 2949 894 3016; x_wconf 83' lang='lat' dir='ltr'><strong>Plutarehus</strong></span> <span class='ocrx_word' id='word_1_114' title='bbox 916 2951 949 3014; x_wconf 90' lang='lat' dir='ltr'><strong>in</strong></span> <span class='ocrx_word' id='word_1_115' title='bbox 974 2951 1042 3015; x_wconf 84' lang='lat' dir='ltr'><strong>vita</strong></span> <span class='ocrx_word' id='word_1_116' title='bbox 1067 2949 1194 3015; x_wconf 84' lang='lat' dir='ltr'><strong>Oamilli</strong></span> <span class='ocrx_word' id='word_1_117' title='bbox 1219 2971 1287 3037; x_wconf 84' lang='lat' dir='ltr'><strong>cap.</strong></span> 
     </span>
     <span class='ocr_line' id='line_1_17' title="bbox 303 3097 1286 3180; baseline 0.001 -16"><span class='ocrx_word' id='word_1_118' title='bbox 303 3102 354 3165; x_wconf 83' lang='lat'><strong>28.</strong></span> <span class='ocrx_word' id='word_1_119' title='bbox 377 3099 489 3166; x_wconf 90' lang='lat' dir='ltr'><strong>iisdem</strong></span> <span class='ocrx_word' id='word_1_120' title='bbox 511 3101 577 3166; x_wconf 85' lang='lat' dir='ltr'><strong>fere</strong></span> <span class='ocrx_word' id='word_1_121' title='bbox 599 3100 704 3166; x_wconf 86' lang='lat' dir='ltr'><strong>verbis</strong></span> <span class='ocrx_word' id='word_1_122' title='bbox 728 3102 851 3166; x_wconf 85' lang='lat' dir='ltr'><strong>utitur:</strong></span> <span class='ocrx_word' id='word_1_123' title='bbox 866 3097 1286 3180; x_wconf 71' lang='grc' dir='ltr'><em>νδύνντνῖςκεκρνντνμένννς.</em></span> 
     </span>
     <span class='ocr_line' id='line_1_18' title="bbox 302 3248 1341 3336; baseline 0 -24"><span class='ocrx_word' id='word_1_124' title='bbox 302 3249 456 3336; x_wconf 82' lang='lat' dir='ltr'><strong>Polybius</strong></span> <span class='ocrx_word' id='word_1_125' title='bbox 479 3250 518 3316; x_wconf 91' lang='lat' dir='ltr'><strong>de</strong></span> <span class='ocrx_word' id='word_1_126' title='bbox 539 3251 599 3316; x_wconf 88' lang='lat' dir='ltr'><strong>hae</strong></span> <span class='ocrx_word' id='word_1_127' title='bbox 620 3251 730 3315; x_wconf 85' lang='lat' dir='ltr'><strong>fabula</strong></span> <span class='ocrx_word' id='word_1_128' title='bbox 751 3273 792 3316; x_wconf 88' lang='lat' dir='ltr'><strong>ne</strong></span> <span class='ocrx_word' id='word_1_129' title='bbox 814 3251 948 3316; x_wconf 86' lang='lat' dir='ltr'><strong>verbum</strong></span> <span class='ocrx_word' id='word_1_130' title='bbox 971 3250 1099 3336; x_wconf 92' lang='lat' dir='ltr'><strong>quidem</strong></span> <span class='ocrx_word' id='word_1_131' title='bbox 1122 3271 1226 3336; x_wconf 89' lang='lat' dir='ltr'><strong>neque</strong></span> <span class='ocrx_word' id='word_1_132' title='bbox 1249 3248 1288 3313; x_wconf 91' lang='lat' dir='ltr'><strong>de</strong></span> <span class='ocrx_word' id='word_1_133' title='bbox 1338 3305 1341 3312; x_wconf 79' lang='grc'>,</span> 
     </span>
     <span class='ocr_line' id='line_1_19' title="bbox 301 3398 1287 3486; baseline 0 -24"><span class='ocrx_word' id='word_1_134' title='bbox 301 3399 485 3466; x_wconf 88' lang='lat' dir='ltr'><strong>interventu</strong></span> <span class='ocrx_word' id='word_1_135' title='bbox 504 3398 653 3483; x_wconf 82' lang='lat' dir='ltr'><strong>Camilli3</strong></span> <span class='ocrx_word' id='word_1_136' title='bbox 674 3400 728 3464; x_wconf 91' lang='lat' dir='ltr'><strong>sed</strong></span> <span class='ocrx_word' id='word_1_137' title='bbox 751 3401 913 3486; x_wconf 83' lang='lat' dir='ltr'><strong>quantivis</strong></span> <span class='ocrx_word' id='word_1_138' title='bbox 935 3399 1030 3485; x_wconf 90' lang='lat' dir='ltr'><strong>pretii</strong></span> <span class='ocrx_word' id='word_1_139' title='bbox 1053 3405 1101 3465; x_wconf 88' lang='lat' dir='ltr'><strong>est</strong></span> <span class='ocrx_word' id='word_1_140' title='bbox 1120 3398 1204 3485; x_wconf 92' lang='lat' dir='ltr'><strong>quod</strong></span> <span class='ocrx_word' id='word_1_141' title='bbox 1215 3420 1287 3463; x_wconf 87' lang='lat' dir='ltr'><strong>nar·</strong></span> 
     </span>
     <span class='ocr_line' id='line_1_20' title="bbox 301 3548 1286 3636; baseline -0.001 -22"><span class='ocrx_word' id='word_1_142' title='bbox 301 3555 351 3616; x_wconf 88' lang='lat' dir='ltr'><strong>rat</strong></span> <span class='ocrx_word' id='word_1_143' title='bbox 375 3551 403 3614; x_wconf 92' lang='lat' dir='ltr'>B</span> <span class='ocrx_word' id='word_1_144' title='bbox 427 3570 445 3612; x_wconf 92' lang='lat' dir='ltr'><strong>e</strong></span> <span class='ocrx_word' id='word_1_145' title='bbox 482 3553 530 3614; x_wconf 86' lang='lat'><strong>18.</strong></span> <span class='ocrx_word' id='word_1_146' title='bbox 554 3549 696 3615; x_wconf 90' lang='lat' dir='ltr'><strong>Venetos</strong></span> <span class='ocrx_word' id='word_1_147' title='bbox 721 3550 827 3615; x_wconf 90' lang='lat' dir='ltr'><strong>subito</strong></span> <span class='ocrx_word' id='word_1_148' title='bbox 850 3551 883 3613; x_wconf 91' lang='lat' dir='ltr'><strong>in</strong></span> <span class='ocrx_word' id='word_1_149' title='bbox 896 3548 1035 3614; x_wconf 82' lang='lat' dir='ltr'><strong>Galliam</strong></span> <span class='ocrx_word' id='word_1_150' title='bbox 1048 3548 1286 3636; x_wconf 86' lang='lat' dir='ltr'><strong>expeditionem</strong></span> 
     </span>
     <span class='ocr_line' id='line_1_21' title="bbox 300 3699 1287 3786; baseline -0.004 -21"><span class='ocrx_word' id='word_1_151' title='bbox 300 3701 411 3766; x_wconf 72' lang='lat' dir='ltr'><strong>iecisse</strong></span> <span class='ocrx_word' id='word_1_152' title='bbox 447 3721 511 3786; x_wconf 92' lang='lat' dir='ltr'><strong>qua</strong></span> <span class='ocrx_word' id='word_1_153' title='bbox 543 3721 579 3764; x_wconf 89' lang='lat' dir='ltr'><strong>re</strong></span> <span class='ocrx_word' id='word_1_154' title='bbox 612 3699 723 3765; x_wconf 83' lang='lat' dir='ltr'><strong>audit-a</strong></span> <span class='ocrx_word' id='word_1_155' title='bbox 759 3699 869 3764; x_wconf 82' lang='lat' dir='ltr'><strong>Gallos</strong></span> <span class='ocrx_word' id='word_1_156' title='bbox 901 3699 1039 3763; x_wconf 88' lang='lat' dir='ltr'><strong>Romam</strong></span> <span class='ocrx_word' id='word_1_157' title='bbox 1061 3699 1228 3782; x_wconf 87' lang='lat' dir='ltr'><strong>reliquisse</strong></span> <span class='ocrx_word' id='word_1_158' title='bbox 1251 3703 1287 3762; x_wconf 88' lang='lat' dir='ltr'><strong>ut</strong></span> 
     </span>
     <span class='ocr_line' id='line_1_22' title="bbox 300 3819 1286 3936; baseline -0.003 -22"><span class='ocrx_word' id='word_1_159' title='bbox 300 3849 438 3936; x_wconf 88' lang='lat' dir='ltr'><strong>patriam</strong></span> <span class='ocrx_word' id='word_1_160' title='bbox 471 3870 561 3914; x_wconf 88' lang='lat' dir='ltr'><strong>suam</strong></span> <span class='ocrx_word' id='word_1_161' title='bbox 587 3819 801 3914; x_wconf 84' lang='lat' dir='ltr'><strong>defenderent.</strong></span> <span class='ocrx_word' id='word_1_162' title='bbox 827 3848 879 3913; x_wconf 85' lang='lat' dir='ltr'><strong>Sio</strong></span> <span class='ocrx_word' id='word_1_163' title='bbox 901 3848 1042 3914; x_wconf 85' lang='lat' dir='ltr'><strong>mendax</strong></span> <span class='ocrx_word' id='word_1_164' title='bbox 1067 3847 1286 3913; x_wconf 88' lang='lat' dir='ltr'><strong>Romanorum</strong></span> 
     </span>
    </p>
   </div>
   <div class='ocr_carea' id='block_1_4' title="bbox 214 4000 1286 4234">
    <p class='ocr_par' dir='ltr' id='par_1_5' title="bbox 214 4000 1286 4234">
     <span class='ocr_line' id='line_1_23' title="bbox 299 4000 823 4085; baseline -0.004 -20"><span class='ocrx_word' id='word_1_165' title='bbox 299 4000 408 4065; x_wconf 89' lang='lat' dir='ltr'><strong>fabula</strong></span> <span class='ocrx_word' id='word_1_166' title='bbox 429 4000 608 4065; x_wconf 87' lang='lat' dir='ltr'><strong>luoulenter</strong></span> <span class='ocrx_word' id='word_1_167' title='bbox 630 4000 823 4085; x_wconf 88' lang='lat' dir='ltr'><strong>exploditur.</strong></span> 
     </span>
     <span class='ocr_line' id='line_1_24' title="bbox 214 4141 1286 4234; baseline -0.009 -17"><span class='ocrx_word' id='word_1_168' title='bbox 214 4149 219 4162; x_wconf 84' lang='lat'>&#39;</span> <span class='ocrx_word' id='word_1_169' title='bbox 343 4149 415 4216; x_wconf 91' lang='lat' dir='ltr'><strong>Lib.</strong></span> <span class='ocrx_word' id='word_1_170' title='bbox 454 4150 549 4216; x_wconf 85' lang='lat' dir='ltr'><strong>XIV.</strong></span> <span class='ocrx_word' id='word_1_171' title='bbox 585 4173 611 4216; x_wconf 89' lang='lat' dir='ltr'><strong>e.</strong></span> <span class='ocrx_word' id='word_1_172' title='bbox 650 4153 700 4215; x_wconf 90' lang='grc'><strong>11.</strong></span> <span class='ocrx_word' id='word_1_173' title='bbox 732 4148 864 4233; x_wconf 85' lang='lat' dir='ltr'><strong>(Kiessl.</strong></span> <span class='ocrx_word' id='word_1_174' title='bbox 889 4148 949 4212; x_wconf 90' lang='lat' dir='ltr'><strong>IV.</strong></span> <span class='ocrx_word' id='word_1_175' title='bbox 973 4170 1004 4234; x_wconf 93' lang='lat' dir='ltr'><strong>p.</strong></span> <span class='ocrx_word' id='word_1_176' title='bbox 1028 4149 1118 4230; x_wconf 82' lang='lat'><strong>202.)</strong></span> <span class='ocrx_word' id='word_1_177' title='bbox 1141 4141 1286 4223; x_wconf 66' lang='lat' dir='ltr'><strong>pellem</strong></span> 
     </span>
    </p>
   </div>
   <div class='ocr_carea' id='block_1_5' title="bbox 299 4293 1283 4379">
    <p class='ocr_par' dir='ltr' id='par_1_6' title="bbox 299 4293 1283 4379">
     <span class='ocr_line' id='line_1_25' title="bbox 299 4293 1283 4379; baseline -0.004 -19"><span class='ocrx_word' id='word_1_178' title='bbox 299 4294 330 4360; x_wconf 76' lang='lat' dir='ltr'><strong>di</strong></span> <span class='ocrx_word' id='word_1_179' title='bbox 353 4295 395 4376; x_wconf 78' lang='grc' dir='ltr'><strong>τῷ</strong></span> <span class='ocrx_word' id='word_1_180' title='bbox 418 4295 511 4374; x_wconf 70' lang='grc' dir='ltr'><em>μηδὲν</em></span> <span class='ocrx_word' id='word_1_181' title='bbox 537 4302 595 4364; x_wconf 81' lang='grc' dir='ltr'><strong>τῶν</strong></span> <span class='ocrx_word' id='word_1_182' title='bbox 619 4298 691 4379; x_wconf 80' lang='grc' dir='ltr'>ὑπὲρ</span> <span class='ocrx_word' id='word_1_183' title='bbox 713 4302 768 4378; x_wconf 75' lang='grc' dir='ltr'><strong>τὴν</strong></span> <span class='ocrx_word' id='word_1_184' title='bbox 792 4294 982 4378; x_wconf 68' lang='grc' dir='ltr'><strong>ἀνθρωπίνην</strong></span> <span class='ocrx_word' id='word_1_185' title='bbox 1006 4294 1100 4376; x_wconf 79' lang='grc' dir='ltr'><em>φύννν</em></span> <span class='ocrx_word' id='word_1_186' title='bbox 1126 4293 1283 4368; x_wconf 66' lang='grc' dir='ltr'><strong>ἀλλήλους</strong></span> 
     </span>
    </p>
   </div>
   <div class='ocr_carea' id='block_1_6' title="bbox 0 0 1642 5188">
    <p class='ocr_par' dir='ltr' id='par_1_7' title="bbox 0 0 1642 5188">
     <span class='ocr_line' id='line_1_26' title="bbox 0 0 1642 5188; baseline 0 5"><span class='ocrx_word' id='word_1_187' title='bbox 0 0 1642 5188; x_wconf 95' lang='lat' dir='ltr'><strong> </strong></span> 
     </span>
    </p>
   </div>
  </div>
 </body>
</html>
