3276 5188
853 651 872 710 2

366 889 534 978 unquam,
569 869 654 958 quod
688 874 808 956 aciem,
839 875 925 962 apud
951 877 1104 942 seriores:
1130 879 1268 960 fossam,
1292 897 1355 962 quo

367 1037 464 1086 sensu
487 1005 529 1084 V.
555 1019 596 1091 D·
620 1020 680 1086 hoo
703 1023 894 1088 vocabulum
916 1027 1073 1114 accepisse
1092 1027 1229 1092 videtur.
1250 1026 1354 1090 Multo

374 1168 477 1254 magis
509 1169 589 1234 mihi
620 1172 725 1258 placet
759 1173 978 1258 σταυρώμασι,
1012 1176 1102 1259 cujus
1132 1174 1353 1262 compendium

365 1300 553 1410 (cr—spduacr)
586 1322 620 1386 in
654 1321 817 1424 octauam
851 1324 1018 1410 depravari
1048 1329 1204 1410 potuer1t;
1235 1323 1353 1409 optime

366 1473 475 1534 autem
507 1471 675 1556 indigenae
707 1472 856 1537 dicuntur
890 1474 986 1557 septis
1019 1474 1157 1538 cinxisse
1186 1474 1291 1536 lecum
1313 1493 1354 1535 ne

365 1619 436 1704 quis
460 1619 502 1684 ad
523 1621 634 1688 latices
657 1623 830 1690 accederet.

410 1767 483 1834 Lib.
514 1769 542 1835 I.
571 1792 598 1835 c.
625 1774 677 1837 24.
702 1771 841 1848 ἐγίνοντό
865 1797 899 1836 rr
923 1773 1018 1838 οὐδενὶ
1045 1773 1153 1856 κόσμῳ
1175 1773 1208 1837 ai
1230 1773 1356 1837 cinara·

364 1914 506 1998 oscinere,
524 1918 601 1983 ἀλλ’
620 1921 749 2002 ὡσπερεὶ
767 1920 876 2006 οἴστρῳ
890 1928 943 1987 καὶ
957 1921 1157 2005 θεοβλαβείᾳ
1176 1923 1353 1986 ἀπελαυ-

364 2065 548 2144 νομένων.
571 2069 649 2136 Loci
673 2074 832 2182 sententia
855 2074 997 2160 postulat
1019 2080 1056 2138 ut
1075 2074 1243 2140 molestam
1261 2095 1354 2160 prae·

371 2216 561 2302 positionem
585 2221 690 2285 ultimi
712 2222 802 2287 verbi
826 2244 1066 2310 expungamus3
1090 2223 1174 2288 cives
1193 2224 1353 2287 enimnon

367 2364 475 2432 furore
510 2373 586 2433 sunt
619 2371 767 2456 expulsi,
799 2371 854 2436 sed
883 2372 990 2438 furore
1013 2373 1076 2437 acti
1099 2372 1257 2437 abierunt.
1280 2371 1352 2434 Tali

361 2519 396 2583 in
430 2540 465 2584 re
502 2520 536 2583 in
568 2541 630 2584 usu
652 2527 700 2586 cst
723 2522 775 2586 vel
799 2519 986 2585 cassasse
1010 2523 1078 2586 sine
1100 2520 1349 2608 praepositione,

366 2670 418 2734 vel
442 2667 606 2750 φέρεσθαι.
631 2669 707 2735 dam
731 2669 914 2756 Stephanus
936 2670 977 2735 ad
996 2669 1079 2735 hanc
1098 2668 1352 2735 emendationem

363 2819 451 2884 riam
474 2820 665 2906 monstravit
688 2841 785 2906 quam
807 2819 972 2905 Kiessling
994 2820 1084 2905 sequi
1107 2819 1270 2885 debuerat.

412 2967 571 3034 Observat
607 2975 715 3034 noster
752 2969 838 3053 (Lib.
870 2969 897 3034 I.
929 2991 955 3034 c.
981 2971 1033 3034 27.
1057 2970 1126 3052 fin.)
1151 2969 1350 3034 Herodotum

364 3138 496 3184 namuro
520 3118 724 3204 Tyrrhenum
748 3119 846 3206 Atyis
868 3120 970 3184 filiurn
992 3141 1066 3184 cum
1088 3121 1153 3184 suis
1170 3121 1204 3185 in
1223 3120 1351 3184 Italiam

366 3267 596 3352 commigrasse
621 3275 653 3334 et
679 3265 866 3348 tepraeesse
889 3267 996 3340 πόλεις
1018 3266 1078 3342 τὰς
1101 3267 1146 3331 ἔτι
1169 3269 1240 3332 κατ’
1260 3267 1352 3331 αὐτὸν

364 3413 522 3480 ἐκεῖνον
556 3413 660 3488 οὔσας.
692 3416 732 3481 In
762 3416 870 3501 hisce,
892 3424 928 3482 ut
954 3417 1034 3482 mihi
1056 3417 1184 3504 quidem
1206 3417 1349 3500 videtur,
1380 3491 1382 3494 ¹

364 3561 494 3651 prorsus
530 3586 802 3652 supervacaneum
834 3572 866 3632 et
899 3568 1068 3632 molestum
1099 3572 1148 3631 est
1179 3586 1351 3652 pronomen

365 3713 475 3780 ἐκεῖνον
510 3721 583 3802 post
617 3715 690 3779 κατ’
713 3714 807 3780 αὐτὸν
831 3723 862 3782 ct
886 3737 983 3802 quam
1005 3717 1144 3802 primum
1166 3737 1351 3802 expungen-

366 3865 452 3930 dum.
484 3863 629 3950 Gonjicio
656 3886 795 3930 amanu
818 3864 966 3950 Dionysii
988 3866 1165 3950 profectum
1190 3886 1258 3930 esse
1280 3865 1351 3929 κατ’

368 4014 463 4081 αὐτὸν
488 4014 555 4078 ἐκεῖ
575 4011 670 4089 οὔσαις
689 4021 721 4080 et
739 4014 1225 4081 adverbiumescribaaliasres
1237 4019 1352 4100 agente

366 4166 401 4229 in
439 4185 611 4250 pronomen
640 4169 811 4263 mutatum.
845 4163 959 4228 Obiter
981 4164 1139 4250 attingam
1161 4162 1352 4249 Dionysium

369 4315 448 4382 satis
479 4315 679 4401 negligenter
702 4307 919 4402 excerpsisse3
942 4335 1042 4401 quum
1064 4314 1150 4379 enim
1170 4312 1352 4379 Herodotus
