3276 5188
836 607 855 668 6

358 833 424 902 Sed
445 835 550 902 neseio
571 856 613 900 an
635 836 728 920 plura
750 835 941 919 exciderint3
964 837 1032 900 veri
1057 837 1159 902 simile
1182 839 1267 902 enim
1292 845 1341 904 est

359 988 524 1050 auctorem
545 989 618 1070 post
639 983 807 1062 παρουσίας
830 984 986 1070 quaedam
1006 990 1121 1062 σημεῖα
1141 1007 1343 1052 enumerasse

361 1132 446 1198 unde
466 1139 577 1220 patere
600 1139 705 1218 posset
728 1132 884 1216 Trojanos
906 1136 939 1198 in
961 1135 1022 1199 hac
1044 1137 1150 1200 insula
1174 1137 1281 1202 fuisse.

407 1282 479 1348 Lib.
503 1283 531 1348 Ι.
554 1304 580 1348 c.
606 1285 657 1348 66.
681 1280 827 1360 μάλιστα
849 1283 881 1348 δὲ
903 1284 954 1349 τὸν
974 1282 1161 1362 καλούμενοι
1182 1286 1344 1364 Ἀλβανὸν

363 1426 437 1498 οἶνον
461 1429 532 1506 ἡδὺν
555 1429 608 1495 καὶ
631 1429 765 1498 καλόν.
788 1434 842 1516 (ef.
865 1433 937 1498 Lib.
951 1433 1046 1499 XIV.
1059 1455 1085 1498 c.
1102 1438 1151 1499 12.
1164 1435 1203 1500 de
1215 1435 1345 1501 Albano

364 1553 456 1648 vino}
491 1577 556 1644 ἔστι
590 1579 621 1644 δὲ
655 1619 696 1628 -—
734 1580 819 1658 μετὰ
853 1582 905 1647 τὸν
929 1584 1098 1661 Φαληρικὸν
1123 1579 1241 1657 ἥδιστος
1265 1583 1345 1648 οἴνων

365 1733 539 1812 μελικράτῳ
562 1728 707 1808 μάλιστα
731 1731 971 1816 παρεμφερής.)
995 1733 1212 1798 Vehementer
1236 1733 1348 1798 dubito

366 1901 409 1946 an
441 1881 475 1946 in
509 1879 605 1944 καλόν
639 1881 790 1946 mendum
825 1883 943 1966 lateat3
981 1903 1045 1946 non
1079 1881 1161 1946 bene
1194 1884 1279 1947 enim
1310 1883 1348 1946 de

367 2032 442 2097 vino
483 2032 630 2096 convenit
666 2031 746 2096 illud
779 2031 952 2115 pulchram
986 2051 1074 2114 esse,
1109 2032 1194 2116 quod
1227 2031 1349 2117 epithe-

367 2188 440 2266 ton,
475 2186 632 2267 quantum
654 2179 802 2280 memini,
822 2181 936 2243 saltem
958 2181 1100 2244 oratione
1124 2180 1246 2264 soluta,
1272 2201 1349 2244 ιιιιι-
1383 2254 1385 2257 ,

370 2351 468 2416 quam
508 2329 570 2394 nisi
612 2329 672 2394 hoe
713 2348 777 2392 uno
808 2329 878 2394 loeo
911 2329 1083 2394 invenitur.
1119 2329 1209 2393 Nihil
1243 2335 1350 2394 tamen
1393 2400 1398 2408 ,

370 2478 472 2544 habeo
495 2478 580 2564 quod
601 2478 811 2562 substituam,
830 2499 968 2564 namque
985 2482 1104 2555 γλυκύν
1117 2479 1201 2564 quod
1213 2479 1353 2544 maxime

369 2627 449 2693 mihi
471 2627 633 2694 arridebat
655 2628 750 2692 nimis
771 2650 792 2692 a
813 2627 928 2693 codicis
952 2629 1110 2714 scriptura
1134 2628 1249 2693 differt.

417 2777 489 2843 Lib.
519 2776 566 2842 II.
598 2799 625 2842 e.
656 2781 686 2842 3.
710 2778 769 2842 rub
792 2778 846 2842 fin.
870 2779 930 2853 ἐγὼ
954 2776 979 2840 δ’
1004 2777 1092 2856 ὑμῖν,
1116 2777 1196 2858 ἔφη,
1222 2777 1295 2858 πρὸς
1318 2767 1352 2848 ἣν

371 2924 410 2992 ἂν
439 2922 686 2999 καταστήσασθε
716 2923 875 2990 πολιτείαν
901 2925 1050 3004 εὐπρεπὴς
1073 2929 1127 2990 καὶ
1151 2924 1220 2990 οὔτε
1244 2923 1352 3006 ἄρχειν

370 3074 498 3152 ἀπαξιῶ
523 3078 591 3142 οὔτε
614 3071 773 3156 ἄρχεσθαι
786 3075 961 3154 ἀναίνομαι.
974 3077 1080 3142 Priori
1092 3079 1234 3143 membro
1246 3077 1355 3142 deesse

374 3226 454 3291 mihi
487 3224 614 3291 videtur
647 3202 781 3290 verbum
814 3225 899 3311 quod
921 3226 1110 3312 respondeat
1133 3227 1278 3312 sequenti
1301 3230 1356 3290 καὶ

375 3372 445 3440 οὔτε
461 3413 503 3422 -
515 3371 655 3458 απαξιῶ;
666 3395 730 3439 nnn
741 3375 840 3460 igitur
853 3375 964 3464 dubito
973 3376 1112 3440 inserere
1124 3381 1195 3461 post
1206 3375 1356 3456 εὐπρεπὴς

372 3524 507 3592 verbum
519 3525 621 3612 copul.
631 3523 706 3608 εἰμι,
719 3545 781 3610 quo
793 3523 900 3590 addito
912 3524 992 3589 nihil
1006 3523 1142 3611 amplius
1154 3523 1356 3588 desiderabis.

420 3673 492 3741 Lib.
524 3673 571 3738 II.
601 3695 629 3740 e.
665 3676 694 3739 7.
728 3675 762 3738 in
784 3674 848 3738 fine
869 3671 928 3750 μία
952 3671 1008 3750 μὲν
1031 3666 1110 3744 αὕτη
1134 3671 1276 3751 διαίρεσις
1298 3671 1356 3737 ὑπὸ

376 3822 534 3903 Ῥωμύλου
555 3825 617 3888 πῶν
639 3846 675 3887 πε
700 3821 813 3903 ἀνδρῶν
825 3825 878 3886 καὶ
890 3829 946 3897 τῆς
957 3812 1090 3904 χώραςῆ
1105 3821 1358 3902 περιέχουσα

377 3980 433 4058 τὴν
456 3973 552 4048 κοινὴν
575 3971 628 4037 καὶ
651 3971 805 4050 μεγίστην
828 3971 975 4057 ἰσότητα,
994 3969 1095 4036 τοιαίδε
1107 3993 1155 4044 τις
1167 3963 1211 4042 ἦν.
1225 3969 1360 4034 Offendo

377 4124 412 4189 in
433 4121 587 4189 vocabulo
610 4121 798 4202 περιέχουσα
821 4122 905 4208 qued
922 4122 956 4186 in
976 4121 1061 4185 hune
1080 4121 1185 4184 locum
1199 4140 1264 4184 non
1278 4117 1360 4182 bene

381 4271 547 4354 eonvenit3
579 4271 636 4335 illa
671 4271 756 4336 enim
789 4269 901 4335 divisio
935 4290 1085 4354 agrorum
1108 4274 1261 4333 nontam
1286 4287 1358 4330 eon·
1416 4357 1418 4361 ,
