3276 5188
753 631 794 693 47

283 858 394 940 etiam,
421 863 486 930 cet.
510 858 601 941 quasi
625 856 664 920 de
686 857 757 921 aliis
783 857 908 942 legibus
926 857 995 941 jam
1019 877 1122 920 sermo
1143 857 1264 921 fuisset.

282 1006 333 1071 De
356 1005 458 1071 Siccis
480 1005 622 1070 Dentato
644 1005 725 1070 nihil
749 989 815 1071 fare
838 1006 924 1092 apud
947 1005 1086 1070 Livium.

236 1195 238 1198 -
327 1154 413 1219 Male
447 1154 616 1240 disjectum
639 1161 671 1219 et
692 1155 841 1219 vitiatum
863 1154 942 1218 mihi
965 1153 1101 1218 videtur.
1126 1151 1199 1219 Lib.
1222 1149 1265 1214 X.

285 1325 311 1368 c.
329 1306 380 1368 53.
400 1303 456 1367 ubi
475 1309 585 1368 auctor
596 1304 892 1382 narratmaximam
904 1303 1118 1388 pestilentiam
1130 1299 1267 1364 Romam

283 1455 446 1518 invasisse.
469 1453 513 1517 Et
535 1453 675 1538 primum
698 1453 826 1539 quidem
848 1452 973 1518 offendo
994 1454 1027 1516 in
1046 1452 1266 1517 hisaeverbis:

283 1605 489 1673 τελευτῶντες
513 1601 544 1665 δὲ
570 1601 597 1666 οἱ
620 1601 677 1679 μὲν
696 1602 760 1666 ἀπ’
785 1601 1009 1682 ὀλιγωρίας
1031 1603 1191 1666 τοῦκοοκοῦ
1207 1607 1267 1666 cet.

203 1765 214 1778 ⁴
284 1753 424 1838 suspicor
448 1750 507 1814 ὑπ’
536 1751 775 1831 ὀλιγωρίας,
797 1759 833 1816 ut
845 1752 1037 1838 praecedens
1054 1751 1130 1816 ὑπό
1145 1773 1181 1814 τε
1201 1750 1270 1813 νίσ-

283 1899 381 1982 χείννς
404 1903 458 1964 κωί
482 1899 624 1979 εὐπορίοος
642 1903 704 1964 τῶν
728 1900 800 1980 πρὸς
819 1899 879 1976 τοὶς
893 1899 1004 1982 τωφίος
1017 1899 1191 1972 ἐπιτηδείων
1203 1900 1268 1965 ari.

287 2049 365 2116 Post
398 2073 502 2137 pauca
533 2052 580 2116 ita
613 2052 738 2116 editur:
774 2049 908 2126 πολλοὺς
942 2051 998 2129 μὲν
1035 2053 1073 2114 ἐν
1105 2053 1169 2126 τοῖς
1196 2051 1269 2114 ὑπο-

285 2204 385 2277 νόμοις
417 2205 476 2264 τῶν
510 2205 669 2264 στενωπῶν
704 2199 848 2282 Φέροντες
883 2200 1036 2280 ἐρρίπτουν
1067 2208 1130 2264 τῶν
1152 2200 1270 2276 ἀπορνε-

284 2348 429 2434 νομένων,
460 2371 542 2435 quae
567 2349 708 2436 Sylburg
723 2351 777 2440 ,ita
800 2350 899 2414 latine
921 2351 1039 2415 vertit:
1064 2350 1166 2414 multa
1188 2370 1270 2413 mor·

285 2504 413 2562 tuorum
447 2519 579 2584 corpora
609 2500 646 2563 ν’νν
669 2499 892 2564 subterraneas
915 2499 1125 2586 compitorum
1147 2499 1270 2562 cloacas

279 2643 605 2731 prejudicatum
639 2649 756 2728 ῥιπτεῖν
787 2649 817 2711 ἐν
852 2670 917 2713 non
951 2649 985 2713 in
1007 2670 1068 2714 usu
1083 2656 1160 2732 est3
1184 2655 1272 2714 certa

285 2798 356 2882 lege
389 2796 488 2861 verba
521 2817 603 2883 quae
636 2804 759 2862 motum
790 2798 970 2884 significant
1001 2819 1074 2863 cum
1096 2819 1204 2885 praep.
1227 2798 1271 2871 εἷς

286 2947 426 3010 construi
458 2946 680 3030 notissimum3
713 2953 798 3012 recte
830 2948 929 3032 igitur
964 2947 1059 3012 Dion.
1083 2947 1154 3011 Lib.
1178 2947 1219 3011 V.
1243 2968 1269 3010 c.

286 3097 338 3160 46.
369 3095 426 3170 είς
456 3081 568 3172 μέσους
589 3094 659 3166 τοὺς
679 3095 844 3174 πολεμίους
866 3097 979 3176 ῥιπτῶν
1003 3093 1122 3158 ἑωυτόν.
1146 3094 1271 3160 Deinde

286 3248 348 3306 τῶν
383 3243 616 3322 ἀπογενομένων
648 3245 743 3310 nimis
765 3268 785 3310 a
807 3243 962 3329 πολλούς,
985 3246 1070 3310 unde
1093 3246 1270 3332 genitivum

286 3394 424 3479 pendet,
460 3395 654 3479 disjunctum
688 3400 759 3481 post
784 3394 840 3472 μὲν
864 3395 1135 3481 transponendum
1159 3415 1271 3460 censeo

287 3549 343 3606 aut
373 3564 502 3628 prorsus
524 3544 773 3629 expungendum
796 3551 832 3610 ut
855 3545 977 3610 scribae
999 3544 1270 3628 additamentum

288 3692 407 3778 optime
449 3693 533 3758 enim
573 3692 763 3758 antecedens
805 3688 923 3772 νεκρούς
959 3694 1123 3759 subaudiri
1155 3699 1270 3780 potest.

288 3839 564 3927 Proponoigitur
589 3843 636 3908 ita
657 3863 845 3929 componere
867 3851 900 3909 et
923 3844 1115 3910 emendare:
1139 3841 1273 3917 πολλοὺς

287 3990 359 4081 (τῶν
393 3964 640 4082 ἀπογενομένων)
674 3997 718 4065 εἲς
754 3992 825 4068 τοὺ,1
857 3988 1027 4072 ὑπονόμους
1060 4031 1102 4040 -
1127 3992 1271 4074 Φέροντερ

288 4141 464 4228 ε’ρρίπτουν;
483 4143 573 4228 cujus
594 4144 795 4228 conjecturae
817 4141 952 4206 Portum
975 4147 1137 4207 auctorem
1160 4141 1272 4207 habac.

288 4294 402 4381 Neque
435 4294 469 4358 in
502 4293 541 4357 iis
570 4313 652 4380 quae
686 4297 863 4378 sequuntur
896 4291 1021 4398 placere
1044 4290 1122 4357 mihi
1145 4291 1273 4380 quidam
