3276 5188
847 601 885 664 16

374 819 426 884 29.
452 817 488 884 O.
511 819 637 886 Mucius
660 843 716 909 spe
726 823 867 908 dejectus
879 827 963 912 regis
975 825 1136 892 Porsenae
1147 826 1360 892 obtruncandi

374 969 620 1057 comprehensus
656 971 841 1059 perducitur
875 974 916 1040 ad
941 975 1046 1061 ipsum
1069 996 1199 1060 regem3
1224 977 1359 1040 interro-

373 1127 468 1206 gatur
503 1120 650 1205 quisnam
683 1127 715 1186 et
749 1120 833 1188 unde
867 1123 928 1206 sit3
964 1123 1135 1210 respondet
1166 1123 1292 1189 Mucius
1321 1131 1359 1189 ut

375 1269 540 1355 Kiessling
571 1269 690 1335 edidit:
723 1270 784 1348 ἐγὼ
807 1274 957 1350 Ῥωμαῖος
977 1272 1034 1351 μέν
1059 1274 1141 1357 εἰμι,
1164 1276 1218 1338 καὶ
1244 1272 1357 1338 αὐτῶν

374 1416 583 1500 ἐπιτυχόντων
624 1414 743 1484 ἕνεκα
779 1425 940 1504 γένους,
984 1425 1192 1502 ἐλευθερῶσαι
1237 1420 1268 1486 δὲ
1302 1420 1357 1495 τὴν

373 1569 509 1648 τατριῖα
543 1573 596 1636 τοῦ
633 1569 771 1649 πολέμου
804 1569 972 1649 βουληθείς
1002 1579 1062 1638 eet.
1095 1573 1135 1637 In
1159 1573 1247 1636 hisee
1268 1566 1357 1636 ἕνεκα

372 1723 479 1796 γένους
502 1720 586 1805 quad
606 1701 716 1786 Codex
735 1721 877 1787 Urbinas
889 1721 1038 1805 exhibet,
1050 1726 1190 1788 anostro
1203 1721 1357 1786 loeoalie·

372 1869 539 1934 nissimum
571 1890 639 1935 esse
658 1871 727 1956 jam
749 1871 798 1935 vir
821 1869 904 1935 doct.
928 1868 1047 1936 Garrer
1071 1872 1105 1935 in
1129 1869 1357 1936 observationi·

372 2017 433 2084 bus
470 2019 535 2084 suis
568 2017 610 2084 ad
638 2018 733 2084 Dion.
765 2018 809 2083 H.
836 2019 916 2085 Ant.
939 2019 1034 2085 Rom.
1058 2019 1175 2086 diserte
1197 2018 1357 2100 ostendit3

372 2189 477 2254 neque
509 2187 592 2253 quae
623 2169 658 2233 in
691 2167 883 2234 editionibus
917 2170 988 2254 lego
1022 2163 1114 2233 ἕνεκά
1150 2191 1203 2233 τιν
1225 2175 1257 2233 et
1278 2162 1356 2231 ἕνεκ’

373 2314 470 2382 αἰτίου
495 2337 624 2384 sensum
648 2318 749 2382 ullum
774 2317 972 2405 probabilem
995 2318 1143 2384 afferunt.
1165 2317 1241 2382 Sine
1260 2316 1356 2382 dubio

375 2465 494 2530 Garrer
513 2467 547 2531 in
565 2465 705 2530 tenebris
724 2467 827 2531 iucem
839 2467 949 2532 attulit
961 2466 1156 2551 conjiciendo
1167 2459 1256 2540 εἶςτὸ
1268 2463 1357 2542 γένος

373 2621 430 2681 aut
454 2614 502 2689 τίς
525 2613 560 2678 τὸ
584 2612 671 2692 γένος
693 2613 865 2700 legendum
886 2637 972 2699 esse,
985 2615 1043 2680 hoe
1056 2637 1167 2681 sensu:
1181 2615 1225 2680 Μ.
1239 2615 1358 2680 dixisse
1420 2701 1422 2708 y

374 2785 408 2830 se
433 2785 501 2829 esse
524 2763 707 2829 Romanum
730 2785 834 2850 neque
857 2765 1018 2830 hominem
1041 2764 1080 2830 de
1101 2762 1194 2851 plebe
1206 2765 1354 2849 aliquem.

374 2909 520 2977 Genabos
543 2899 653 2977 tamerr
672 2933 714 2978 ex
733 2911 907 2999 depravata
918 2913 1061 2979 eodieum
1074 2914 1231 3001 scriptura
1242 2912 1355 2977 melius

374 3060 451 3146 quid
472 3081 593 3126 eruere.
616 3060 690 3126 Non
714 3062 798 3126 enim
822 3063 992 3128 verisimile
1015 3069 1063 3128 est
1085 3062 1355 3147 Mucium‚quum

378 3209 477 3274 libere
513 3209 630 3274 diceret
665 3211 811 3296 quisnam
840 3215 873 3276 et
896 3211 980 3276 unde
1002 3217 1102 3294 esset,
1124 3232 1241 3277 nomen
1262 3230 1356 3275 suum

300 3427 302 3430 .
375 3359 531 3443 tacuisse3
556 3359 633 3424 satis
656 3358 735 3424 mihi
756 3380 821 3424 11011
843 3359 969 3425 videtur
991 3359 1182 3446 respondere
1204 3380 1238 3424 se
1255 3359 1357 3424 civem

374 3506 556 3574 Romanum
592 3529 661 3574 esse
695 3529 799 3595 neque
833 3510 973 3595 aliquem
1005 3508 1045 3574 de
1073 3508 1166 3596 plebe
1187 3515 1220 3574 et
1242 3507 1354 3574 Livius

375 3657 461 3740 (Lib.
496 3656 543 3722 II.
578 3679 604 3723 e.
641 3660 706 3743 12.)
729 3665 816 3725 reete
838 3659 943 3724 addit:
968 3659 1134 3725 Romanus
1157 3680 1228 3723 sum
1252 3657 1353 3740 aives,

379 3805 414 3870 0.
427 3805 576 3870 Muciam
588 3814 709 3874 vocant.
732 3807 808 3873 Hue
828 3809 916 3873 verrit
934 3809 1033 3874 verba
1054 3802 1098 3883 εἷς
1121 3809 1156 3873 τὸ
1178 3805 1266 3885 γένος
1285 3811 1355 3894 post

305 4046 307 4050 Ι
374 3952 408 4018 οὐ
445 3963 508 4018 τῶν
545 3956 753 4038 ἐπιτυχόντων
776 3978 841 4022 non
861 3958 997 4043 requiri,
1020 3958 1059 4022 ef.
1083 3957 1156 4021 Lib.
1180 3957 1222 4024 V.
1246 3976 1272 4021 e.
1296 3957 1355 4038 48,

374 4105 433 4188 773
468 4103 540 4170 Lib.
576 4104 661 4171 XII.
696 4128 722 4172 e.
751 4109 788 4190 13
811 4106 868 4171 ubi
890 4106 904 4168 ὁ
928 4102 1083 4186 ἐπιτυχών
1106 4126 1171 4170 nen
1193 4103 1300 4169 addito
1320 4102 1355 4167 ri

375 4249 482 4337 γένος,
518 4254 689 4320 adhibetur
722 4254 765 4320 ad
785 4254 1172 4341 indicandumvhominem
1194 4255 1233 4320 de
1254 4252 1356 4342 plebe.
