3276 5188
795 683 835 745 37

320 905 410 970 cedet
433 911 559 984 μάντεις
582 907 769 973 mendosum
791 930 869 974 esse.
897 909 1027 995 Exiguo
1039 932 1114 976 vero
1129 913 1307 980 mutatione

321 1053 454 1120 habebis
487 1057 519 1121 id
554 1059 639 1145 quod
673 1079 783 1123 sensus
819 1060 995 1124 necessario
1032 1061 1165 1146 requirit
1191 1083 1307 1147 nempe

321 1208 483 1290 μα’ντεναν,
517 1207 602 1294 quod
625 1207 744 1293 optime
765 1207 934 1292 respondet
958 1209 1164 1295 sequentibus
1188 1231 1307 1290 στοχα-

325 1353 398 1430 σμοί
438 1361 469 1420 et
510 1353 588 1434 ἔργα
630 1359 769 1437 ἐμφανῆ.
812 1356 999 1422 Absurdum
1039 1359 1125 1423 enim
1166 1364 1215 1423 est
1249 1359 1310 1426 hoc

322 1505 441 1570 dicere:
477 1527 606 1572 causam
628 1506 725 1592 hujus
748 1507 934 1593 suspicionis
956 1527 1020 1570 non
1045 1514 1132 1571 cates
1154 1506 1307 1592 preebue·

321 1661 396 1720 runt
418 1676 476 1720 nee
499 1657 716 1739 conjecturae,
740 1655 795 1721 sed
815 1657 984 1720 manifeste
1005 1657 1099 1720 facte.
1114 1653 1207 1723 Oonf.
1221 1676 1304 1741 quae

323 1806 474 1889 leguntur
505 1804 577 1869 Lib.
612 1804 674 1868 IX.
705 1826 732 1869 c.
756 1807 807 1868 31.
831 1803 905 1868 ἀλλ’
930 1805 1033 1866 ἐκεῖνα
1055 1802 1112 1879 μὲν
1135 1802 1302 1877 αἰσθήσεσι

323 1958 376 2018 καὶ
410 1952 530 2020 edbert
562 1952 912 2037 καταλαμβανόμεθα,
945 1960 1050 2015 ταῦτα
1084 1950 1115 2015 δὲ
1141 1953 1305 2030 μαντείαις

322 2108 375 2169 καὶ
399 2104 503 2182 δόξαις
527 2105 697 2187 εἰκάζομεν.

368 2255 571 2320 Intercidisse
589 2255 668 2320 mihi
679 2254 806 2320 videtur
818 2253 975 2339 particule
986 2253 1059 2318 Lib.
1072 2252 1134 2318 IX.
1147 2275 1174 2319 c.
1190 2255 1240 2319 12.
1252 2254 1308 2318 ubi

323 2405 457 2490 legimus
470 2427 477 2468 ε
501 2405 527 2468 εἰ
550 2403 607 2482 μὲν
618 2397 667 2468 οὖν
683 2405 906 2481 ἐταμιεύσαντο
919 2407 974 2485 τὴν
986 2408 1143 2485 παροῦσαν
1156 2403 1307 2486 εὐτυχίαν

322 2557 375 2617 καὶ
396 2551 445 2617 δνσὶ
469 2557 616 2635 φυλακῆς
635 2555 718 2634 εἶχον
740 2553 793 2618 τὸν
814 2550 965 2635 χάρακα,
991 2551 1049 2626 τοὶς
1073 2578 1108 2618 τε
1128 2554 1306 2630 οέτστκευας

321 2707 382 2767 τῶν
406 2704 562 2781 Ῥωμαίων
586 2703 742 2785 κατέσχον
765 2709 825 2769 cet.
849 2704 890 2767 In
913 2702 1042 2791 epodosi
1064 2698 1102 2766 aiv
1122 2704 1231 2770 deesse
1242 2726 1305 2770 non

322 2859 447 2939 potest,
471 2854 556 2940 qnod
575 2854 667 2919 fecile
687 2853 834 2919 excidere
857 2855 962 2940 potuit
985 2859 1115 2940 propter
1127 2853 1307 2919 similitudi·

322 3024 396 3067 nem
429 3002 561 3067 ultimae
584 3002 727 3102 syllebce
750 3002 839 3068 verbi
863 3002 1082 3088 praecedentis
1105 3000 1305 3084 κατέσχΟΝ.

319 3151 394 3217 Non
418 3153 497 3218 solet
521 3154 554 3216 in
578 3153 636 3217 toli
657 3173 691 3218 re
717 3158 825 3216 noster
844 3153 1036 3217 econstanti
1049 3153 1193 3217 omnium
1205 3152 1306 3219 Gree-

319 3323 428 3366 eorum
451 3300 679 3366 consuetudine
702 3306 821 3365 temere
846 3300 1036 3388 discrepare.
1063 3301 1102 3367 cf.
1127 3302 1199 3367 Lib.
1224 3303 1304 3368 VII.

319 3471 345 3515 c.
370 3453 420 3515 53.
445 3450 527 3515 med.
552 3449 577 3512 εἰ
602 3449 632 3513 δὲ
656 3447 809 3514 ταναντνά
834 3450 917 3527 ἡμᾶς
938 3448 1127 3527 ἐγίγνωσκες
1147 3449 1305 3524 intended-

317 3622 401 3674 οντες
434 3637 476 3646 -
505 3597 538 3662 cl
568 3596 613 3662 ἂν
644 3601 716 3675 ἡμῖν
750 3596 858 3663 τούτου
885 3597 1104 3676 συνεβούλευες
1122 3598 1208 3680 ἔργον
1232 3601 1304 3667 ὑπο-

317 3755 421 3828 μεῖναν
446 3747 624 3827 >coenon
648 3747 721 3812 Lib.
744 3746 844 3812 VIII.
869 3769 896 3812 c.
920 3749 973 3814 86.
996 3748 1022 3812 εἰ
1044 3748 1101 3826 μὲν
1121 3741 1170 3814 οὖν
1185 3747 1304 3826 deific

318 3899 390 3966 τότε
415 3899 497 3974 νίκας
520 3898 672 3977 διέμειναν
696 3937 737 3946 -
762 3897 857 3962 καλὸν
884 3894 929 3960 ἂν
953 3897 1060 3973 αὐτοῖς
1079 3899 1203 3982 εἰλήφει
1215 3899 1304 3976 τέλος

320 4051 334 4114 ὁ
358 4049 470 4144 οὶγών,Ι
489 4052 633 4126 Ῥωμαῖον
657 4047 719 4128 γὰρ
743 4047 796 4113 οὐκ
818 4051 864 4112 ἂν
884 4046 1052 4126 ὑπέμειναν
1064 4055 1124 4114 cet.
1138 4049 1210 4115 Lib.
1224 4049 1303 4116 VII.
1392 4087 1395 4090 ·

321 4226 347 4268 c.
380 4204 431 4267 50.
462 4201 528 4284 fin;
558 4200 630 4264 Lib.
656 4198 755 4264 VIII.
781 4221 807 4264 c.
832 4201 884 4266 45.
909 4199 990 4284 init;
1013 4199 1085 4265 Lib.
1110 4199 1172 4267 IX.
1197 4222 1224 4266 c.
1250 4203 1302 4267 39.

320 4353 402 4419 med.
427 4359 458 4418 et
482 4352 561 4417 alios
583 4351 760 4436 complures
784 4350 878 4414 locos.
