3276 5188
787 644 828 706 65

316 865 498 942 πλάναις
533 869 563 932 ἐν
587 877 625 949 τῇ
650 869 787 952 πολεμία
811 869 959 950 κατέχειν
984 869 1078 947 ὑμᾶς.
1101 870 1173 935 Hoc
1197 890 1305 934 exem·

314 1019 404 1103 plum
438 1025 470 1081 et
505 1019 621 1082 similia
645 1025 771 1083 secutus
801 1040 912 1084 censeo
936 1017 1063 1082 πλείονα
1088 1018 1167 1083 vitio
1191 1022 1304 1082 natum

312 1189 381 1232 csse
416 1189 458 1234 ex
491 1165 687 1241 andorra
718 1175 750 1232 et
776 1174 939 1234 auctorem
961 1170 1124 1255 scripsisse
1147 1171 1304 1246 ἄγρανλνν

315 1321 368 1379 καὶ
414 1322 606 1388 πλάνητα
641 1313 730 1392 βίον,
770 1316 856 1401 quod
891 1317 1010 1404 optime
1045 1315 1193 1380 convenit
1231 1334 1303 1378 cum

312 1469 458 1553 sequenti
482 1466 570 1532 πόλιν
592 1469 705 1547 ἐχυρὰν
718 1464 1019 1544 καταλαμβάνεται.
1037 1465 1085 1532 Of.
1099 1467 1197 1531 etiam
1210 1464 1296 1528 Plut.

314 1615 422 1681 Numa
444 1639 470 1681 c.
495 1619 524 1680 4.
550 1616 606 1681 ubi
628 1615 739 1682 eadem
762 1615 918 1681 vocabula
941 1619 1112 1702 conjuncta
1135 1621 1219 1681 sunt.

355 1766 470 1831 Restat
494 1765 572 1831 mihi
592 1772 629 1830 ut
648 1766 847 1852 paucissimis
866 1765 905 1830 de
926 1764 1061 1830 dialecto
1080 1771 1112 1830 et
1125 1764 1163 1829 de
1177 1765 1301 1829 ratione

312 1915 437 1980 dicendi
459 1915 607 2002 Dionysii
629 1914 792 1981 disseram.
816 1912 856 1978 In
879 1934 959 1999 quo,
981 1915 1092 2001 opinor
1105 1962 1113 1997 ,
1126 1913 1208 1978 nihil
1220 1934 1299 1999 opus

312 2071 360 2130 est
383 2071 419 2129 ut
440 2065 550 2129 multis
573 2063 788 2128 demonstrem
807 2063 876 2147 ejus
895 2063 1039 2149 linguam
1061 2063 1143 2127 sicut
1157 2063 1300 2128 omnium

313 2215 446 2299 hujusce
471 2213 623 2299 temporis
646 2217 815 2282 auctorum
835 2211 932 2277 variis
955 2213 1056 2284 modis
1078 2213 1258 2300 discrepare
1280 2235 1300 2277 a

313 2370 400 2430 certa
439 2353 473 2429 et
507 2363 666 2434 constanti
699 2362 927 2428 consuetudine
959 2361 1152 2427 Atticorum.
1188 2361 1295 2437 Quum

311 2513 418 2578 omnia
452 2513 548 2597 longa
582 2511 633 2576 die
665 2511 828 2575 immutari
861 2511 982 2575 soleant
1012 2511 1082 2576 fieri
1103 2532 1167 2577 non
1189 2512 1294 2598 potuit

310 2662 346 2727 ut
385 2663 504 2727 formae
539 2667 570 2738 et
609 2661 856 2746 significationes
889 2660 1059 2726 verborum
1095 2682 1176 2746 quae
1211 2664 1297 2749 apud

310 2810 440 2876 Atticos
470 2811 616 2897 vigerent
644 2831 700 2876 eae
722 2811 755 2876 in
777 2811 883 2876 omnia
906 2816 1050 2897 tempora
1067 2812 1212 2897 integrae
1229 2833 1296 2878 ma·

311 2964 434 3024 nerent.
469 2959 540 3024 Hoc
573 2959 730 3045 imprimis
759 2981 854 3045 agam
889 2965 942 3043 ut,
973 2961 1104 3045 prolatis
1135 2961 1295 3028 nonnullis

311 3106 458 3194 Dionysii
491 3107 616 3173 dicendi
637 3108 814 3173 rationibus
837 3129 879 3173 ex
900 3108 1041 3173 Homero
1063 3110 1196 3196 aliisque
1218 3131 1294 3176 auc-

309 3256 432 3322 toribus
451 3223 657 3344 ¹depromtis,
689 3257 901 3324 demonstrem
935 3264 1079 3323 nostrum
1114 3259 1222 3326 Ionica
1251 3268 1283 3328 et

309 3406 434 3492 poetica
455 3407 548 3472 valde
569 3428 686 3472 amare.

352 3555 424 3620 Lib.
455 3554 483 3621 I.
516 3577 542 3620 c.
574 3549 679 3620 ela
711 3561 766 3635 τῆς
801 3552 986 3632 ἀοιδίμου
1019 3553 1183 3632 γενομένας
1214 3553 1291 3621 καθ’

310 3707 396 3783 ἡμᾶς
428 3703 546 3778 πόλεως
567 3755 574 3788 ,
598 3703 663 3769 ατὲ.
687 3703 727 3768 In
750 3704 836 3769 hisce
856 3702 990 3782 stobrum
1013 3710 1061 3770 est
1083 3705 1291 3790 Tragicorum

308 3861 340 3918 et
365 3853 532 3937 Herodoti,
556 3854 698 3919 orations
719 3855 822 3917 soluta
833 3852 1016 3918 Atticorum
1028 3874 1092 3918 non
1103 3874 1299 3939 oecurrens‚·

311 4025 368 4089 pro
391 4000 515 4079 ἔνδοξος.
541 4003 701 4068 Homerus
727 4003 825 4067 semol
846 4001 905 4067 hoc
927 4003 1117 4068 vocabulum
1128 4004 1162 4068 in
1173 4005 1290 4069 malam

310 4158 436 4238 partem
459 4152 585 4237 accipit.
609 4151 701 4216 Iliad.
725 4150 786 4216 VI.
810 4153 883 4216 358.

353 4299 426 4366 Lib.
451 4300 478 4366 I.
504 4322 531 4366 c.
558 4304 587 4366 5.
611 4294 656 4364 ὅτι
676 4295 788 4380 μυρίας
801 4297 928 4377 ἤνεγκεν
950 4298 1097 4372 ἀνδρῶν
1122 4301 1289 4386 ἀρετάς,

1190 4452 1209 4524 5
