3276 5188
745 679 765 740 5

303 903 375 968 Lib.
411 904 438 969 I.
461 926 487 970 o.
512 907 564 968 41.
588 899 658 966 οάνε
683 898 745 980 νάρ
773 899 912 981 ἀχῶρος
936 902 1088 986 ἐντρίβοι
1113 907 1177 977 τοῖς
1202 902 1245 976 εἷς

259 1053 375 1132 Ἄργος
410 1051 443 1129 ἐξ
473 1051 609 1132 Ἰβηρία,1
632 1048 1009 1131 ἀναγκαζομένοις,
1038 1058 1097 1117 oet.
1122 1051 1246 1117 Ultimo

262 1200 360 1266 verbo
372 1201 457 1286 quod
469 1202 579 1287 prooul
590 1200 687 1265 dubio
700 1219 828 1264 sensum
840 1201 965 1264 nullum
977 1200 1070 1264 affert
1082 1198 1247 1286 Kieesling

263 1356 394 1415 conatus
416 1358 464 1416 est
486 1350 662 1416 remedium
685 1349 798 1414 afferre
822 1349 1042 1414 substituendo
1065 1346 1246 1430 ἀνακομιζ-

260 1496 378 1575 μένοις,
415 1521 497 1586 quae
531 1507 639 1566 tamen
674 1503 857 1585 conjectura
890 1499 970 1564 mihi
1000 1498 1128 1584 quidem
1151 1498 1246 1562 nimia

262 1648 369 1712 audax
380 1648 507 1715 videtur
517 1672 525 1734 3
537 1650 662 1716 nautius
674 1648 845 1735 aliquando
858 1648 1020 1734 Pflugiue:
1031 1643 1245 1723 ἀναγομένοις.

263 1778 421 1884 Equidem
444 1800 571 1865 omnino
594 1799 795 1866 scribendum
818 1819 931 1863 censeo
953 1793 1247 1877 ἀνασκευαζομένοις

264 1949 347 2034 quod
381 1955 413 2014 et
447 1971 597 2035 magnam
631 1948 871 2013 similitudinem
894 1948 988 2012 affert
1012 1967 1085 2012 oum
1109 1946 1247 2012 verboa

263 2097 422 2164 codicibus
455 2091 600 2163 exhibito
636 2104 668 2162 et
692 2098 819 2182 saepius
841 2117 860 2160 a
884 2095 1039 2181 Dionysio
1062 2101 1246 2180 usurpatur.

262 2247 301 2312 of.
326 2246 467 2331 ejusdem
489 2247 563 2312 libri
583 2268 652 2333 oap.
672 2249 724 2310 48.
738 2245 777 2311 de
790 2245 901 2333 Aenea
912 2244 946 2307 in
958 2242 1051 2308 Idam
1063 2241 1245 2308 secedente:

265 2398 428 2476 Σοφοκλῆς
464 2433 505 2442 -
542 2393 690 2469 νιενιοίηκε
725 2394 777 2459 τὸν
814 2391 939 2460 Αἰνείαν
963 2389 1247 2473 ἀνασκευαζόμενον

264 2547 308 2619 εἷς
331 2544 385 2618 την
404 2544 498 2618 Ἴδην.

306 2693 379 2758 Lib.
403 2693 430 2757 I.
454 2714 480 2758 o.
505 2696 557 2758 44.
584 2684 600 2766 ii
624 2689 677 2759 καὶ
691 2699 740 2758 νῦν
753 2693 811 2758 ὑπὸ
824 2691 982 2772 Ῥωμαίων
996 2686 1062 2781 (ἦν)
1074 2688 1248 2773 οἰκουμένη,

167 2889 171 2895 ·
263 2842 349 2918 Νέας
373 2847 496 2918 Πόλεως
519 2840 570 2906 καὶ
595 2843 762 2921 Πομπηίας
785 2844 814 2905 ἐν
837 2841 925 2926 μεόῳ
948 2841 1125 2920 κειμένη.
1138 2841 1247 2908 Kiess·

265 2994 332 3079 ling
366 2993 405 3059 de
438 3015 495 3058 suo
533 2993 662 3059 dederat
698 2987 750 3066 ἦν,
775 3014 839 3078 qna
860 2993 900 3058 de
923 2995 1123 3078 conjectura,
1146 2996 1184 3057 ut
1206 3011 1248 3056 ex

266 3142 472 3208 annotatione
502 3164 559 3207 sua
588 3147 739 3228 apparet,
769 3162 854 3205 nuno
877 3141 971 3206 valde
992 3139 1137 3224 dubitat;
1161 3144 1248 3204 reete

263 3294 331 3360 viro
373 3294 465 3358 dooto
510 3291 655 3378 displicet
698 3291 882 3376 conjectura
927 3311 986 3356 sua
1020 3287 1246 3354 infelicissima.

264 3441 368 3506 Multo
400 3441 503 3527 magio
536 3441 615 3506 mihi
645 3441 750 3526 plaoet
774 3439 953 3530 emendatio
978 3439 1168 3506 Buecheleri
1192 3438 1248 3525 qui

265 3588 466 3678 pronomina
490 3590 698 3655 indicativum
722 3591 822 3654 κεῖται
847 3589 998 3654 restituit.

309 3739 381 3803 Lib.
418 3740 445 3803 I.
480 3759 507 3803 o.
537 3741 588 3805 50.
612 3740 666 3801 καὶ
686 3731 722 3836 Ιἀν
746 3735 853 3803 πολλοὶ
878 3745 995 3815 σημεῖα
1017 3738 1048 3802 ἕν
1073 3738 1170 3822 Δήλῳ
1187 3741 1248 3814 ’τῆς

266 3885 385 3982 Αἰνείου
419 3910 454 3949 τε
493 3889 546 3950 καὶ
580 3885 689 3967 Τρώων
722 3886 910 3967 παρουσίας.
946 3882 1001 3962 ἕως
1024 3885 1110 3962 ἤνθει
1132 3909 1168 3951 τε
1192 3883 1245 3950 καὶ
1311 3951 1313 3955 .

266 4035 372 4116 ᾠκήθη
407 4037 424 4110 ἡ
460 4042 556 4110 νῆσος.
588 4036 755 4121 ΚὶοοοΙίιις
788 4037 867 4102 duee
901 4036 1034 4102 Reiskio
1064 4042 1139 4102 ante
1162 4033 1248 4110 ἤνθει

267 4186 401 4252 inseruit
434 4179 489 4260 ἕως
519 4191 555 4250 ut
578 4186 726 4250 laounam
749 4185 894 4252 eodioum
917 4188 1079 4274 expleret;
1102 4185 1251 4252 lubenter

269 4338 370 4402 fateor
393 4337 600 4422 graecitatem
624 4329 684 4401 looi
707 4338 754 4400 ita
777 4327 936 4403 emendati
958 4337 1039 4402 nihil
1060 4337 1247 4402 desiderare.
