3276 5188
768 644 805 704 41

296 866 523 947 tarracinaeve,
548 863 778 933 truncatura
801 864 934 960 odacro
954 865 1126 942 παρειμένοι
1150 865 1202 930 axi
1215 865 1280 930 οὐδὲ

298 1016 340 1081 τοὶ
370 1011 454 1081 ὅπλα
484 1014 535 1080 ἔτι
566 1012 583 1080 δ’
588 1038 684 1093 μονα
707 1012 842 1095 ἔχοντες.
869 1015 956 1080 Illud
982 1021 1072 1094 ὅμοια
1095 1018 1281 1083 mendosum

297 1188 365 1231 esse
399 1187 456 1253 pro
477 1171 564 1230 certo
587 1165 689 1229 habeo
711 1171 743 1229 et
766 1165 864 1228 miror
890 1164 1122 1252 Kiesslingium
1146 1165 1283 1230 vocabu·

297 1315 363 1378 lum
391 1321 458 1379 tam
489 1315 633 1400 ineptum
657 1320 689 1377 et
711 1312 898 1397 languidum
922 1314 1005 1380 ferre
1027 1318 1177 1401 potuisse.
1201 1314 1280 1391 Quis

295 1464 380 1528 enim
401 1464 584 1527 mortalium
607 1462 767 1547 explicare
790 1463 908 1547 poterit
921 1461 1002 1526 illud
1015 1484 1022 1527 :
1036 1484 1135 1548 quum
1148 1485 1280 1550 corpora

296 1633 372 1698 prae
394 1612 503 1676 labore
525 1610 677 1696 languida
698 1616 821 1693 essent,
847 1631 905 1674 nec
929 1613 1280 1697 ampliusarraoparto

294 1761 476 1826 haberent?
511 1761 656 1845 Ingenuo
689 1760 790 1824 fateor
819 1781 871 1824 me
901 1781 963 1824 non
987 1762 1176 1846 intelligere.
1201 1761 1222 1826 J
1226 1783 1281 1827 ure

296 1909 414 1976 Garrer
436 1912 505 1975 loco
527 1910 685 1974 laboranti
708 1909 905 1974 medicamen
928 1882 1042 1976 afferre
1068 1919 1280 1997 conatusest3

295 2059 350 2124 sod
379 2057 520 2136 βεβαίως
552 2058 638 2144 quod
671 2059 836 2123 substituit
861 2059 956 2122 nimis
980 2080 999 2123 a
1019 2060 1179 2125 codicibus
1200 2061 1280 2126 mihi

295 2209 422 2275 videtur
455 2208 593 2273 differre.
628 2207 674 2271 Ut
702 2207 771 2272 fieri
794 2209 895 2290 solet,
918 2208 1042 2271 facilius
1061 2213 1109 2272 est
1128 2208 1279 2274 mendum

294 2357 529 2444 deprehendere
562 2377 659 2441 quam
692 2355 849 2440 probabili
880 2356 1062 2440 conjectura
1085 2357 1188 2421 locum
1212 2379 1279 2422 eor-

293 2511 424 2593 ruptum
458 2525 580 2568 sanare.
624 2503 834 2588 Aliquamdiu
877 2504 990 2589 putavi
1025 2510 1188 2569 auctorem
1222 2506 1283 2571 hoc

292 2653 427 2718 dixisse:
462 2674 553 2717 arma
586 2652 805 2717 Romanorum
841 2653 938 2717 fuisse
974 2653 1076 2717 baete
1108 2659 1140 2718 et
1164 2655 1279 2720 obtusa

291 2808 348 2866 aut
378 2802 500 2887 aliquid
522 2802 757 2887 hujuscemodi3
782 2801 837 2866 sed
858 2803 982 2867 nullum
1007 2802 1199 2867 vocabulum
1218 2802 1278 2868 hoo

292 2951 474 3038 significans
515 2951 595 3016 milri
636 2953 669 3014 in
710 2957 853 3015 mentem
885 2949 974 3014 venit
1009 2951 1093 3014 inter
1127 2950 1213 3036 quod
1246 2959 1278 3016 ct

288 3100 399 3166 literas
431 3099 546 3165 codicis
579 3099 737 3184 quaedam
768 3097 943 3162 similitudo
967 3104 1060 3162 esset.
1085 3098 1173 3162 Num
1197 3099 1278 3164 forte

290 3269 346 3335 pro
381 3256 523 3312 OMOIA
557 3248 759 3314 scribendum
791 3250 1038 3312 OlssOArlOl?
1072 3250 1111 3313 ef.
1136 3247 1208 3313 Lib.
1233 3247 1276 3313 X.

290 3418 316 3460 c.
342 3399 395 3461 46.
419 3397 574 3476 ἐρρίπτουν
597 3394 653 3474 ἔξω
678 3399 731 3461 τοῦ
754 3396 896 3476 χάρακος
917 3391 1276 3470 ἑοοντοὺςούδὲτᾶνὸπλον

287 3546 312 3610 οἱ
347 3545 455 3611 πολλοὶ
486 3544 700 3628 φυλάξοντες.
731 3546 763 3610 Ν
765 3568 805 3611 on
828 3548 913 3612 enim
938 3567 1067 3632 prorsus
1090 3545 1277 3611 incredibile

288 3702 336 3762 est
369 3697 532 3761 indoctum
562 3703 594 3762 et
624 3697 840 3782 negligentem
863 3681 1001 3760 scribam
1024 3695 1144 3780 primas
1166 3695 1276 3759 literas

290 3854 364 3910 0111
398 3855 527 3933 propter
558 3845 748 3912 antecedens
780 3852 854 3908 ΕΤΙ
887 3843 1030 3908 omisisse
1051 3848 1083 3907 et
1106 3847 1275 3927 sequentes

289 4003 427 4060 ΟΛΛΟΙ
452 3997 515 4062 levi
538 4017 644 4062 errore
666 3997 700 4061 in
724 4003 836 4059 OMOI
861 3999 1020 4076 mutasse,
1043 4013 1142 4078 quum
1167 3998 1275 4057 autem

290 4148 387 4211 semel
405 4167 515 4211 veram
527 4147 718 4232 scripturam
729 4144 961 4230 inquinavisset
974 4191 982 4225 ,
997 4141 1110 4207 deinde
1122 4150 1150 4205 A
1164 4141 1203 4206 de
1215 4163 1272 4208 suo

287 4302 406 4361 temere
437 4296 593 4361 addidisse
628 4303 664 4359 ut
699 4296 796 4359 linem
820 4293 966 4358 vocabuli
990 4293 1068 4357 uitio
1091 4292 1159 4356 nati
1182 4311 1275 4378 prac-
