3276 5188
742 627 783 690 63

273 861 468 924 πενεστάτων
490 853 727 932 βουλευτῶν
753 852 783 912 ἐν
805 855 869 924 τοῖς
893 851 977 913 κατὰ
999 849 1050 913 τὸν
1075 847 1143 925 βίον
1156 847 1256 913 διατε-

269 1016 345 1074 νεῖν.
372 1007 480 1072 Minus
506 1003 586 1068 mihi
611 1003 716 1089 placet
739 999 824 1086 quod
842 996 1145 1075 editurttouarvrcia.
1160 997 1256 1062 Sena·

273 1165 357 1224 tores
382 1178 446 1222 non
470 1161 537 1220 tam
561 1173 716 1241 pauperes
731 1149 995 1236 erant,alioquin
1007 1147 1149 1214 historici
1161 1147 1258 1244 hujus

274 1307 426 1394 temporis
447 1326 512 1370 non
533 1309 601 1368 tam
625 1302 743 1366 diserte
765 1301 804 1366 de
817 1298 957 1364 Fabricii
969 1303 1160 1386 paupertate
1170 1317 1258 1360 men·

275 1459 395 1523 tionem
417 1456 574 1521 fecissent.
598 1453 772 1518 Praeterea
794 1449 934 1515 etiamsi
953 1447 1260 1514 hocverumfuisset

274 1607 404 1671 minime
426 1603 529 1668 simile
550 1602 618 1666 reri
640 1606 688 1665 cst
711 1620 819 1685 regem
842 1597 1005 1684 Pyrrhum
1029 1597 1113 1662 hanc
1137 1597 1176 1662 de
1195 1597 1259 1683 pri·

274 1755 414 1821 moribus
437 1756 470 1819 in
493 1753 656 1839 praeclara
679 1751 899 1816 Romanorum
922 1746 1258 1814 civitatesententiam

275 1881 443 1970 habuisse}
458 1900 719 1990 Expungendum
741 1900 841 1986 igitur
862 1901 923 1964 τῶν
935 1898 1110 1978 βουλευτῶν
1122 1919 1190 1964 esse
1202 1919 1259 1984 pro

279 2059 365 2119 certo
407 2051 509 2117 habeo
545 2071 603 2138 pro
636 2071 699 2136 quo
733 2048 991 2115 substituendum
1024 2069 1156 2142 censeo:
1194 2053 1259 2112 τῶν

277 2203 411 2266 τολντὼν
433 2201 485 2266 vel
507 2203 656 2263 τελνιτῶν
678 2199 730 2265 vel
754 2199 818 2263 tale
842 2197 930 2283 quid.

321 2349 442 2415 Fodcm
464 2349 568 2435 capite
591 2349 686 2434 paulo
709 2348 808 2412 infra:
832 2344 883 2410 καὶ
908 2350 1022 2426 πρῶτον
1045 2345 1102 2424 μὲν
1127 2348 1178 2410 ἐπὶ
1199 2349 1259 2418 τὰς

276 2497 472 2577 διαλλαγάς,
499 2493 552 2571 ὅση
577 2496 706 2574 δύναμις
731 2496 761 2560 ἕν
781 2495 828 2562 σοί
837 2550 844 2577 ,
858 2495 1049 2576 παρόρμησον
1062 2494 1259 2574 τὴν-βουλήν,

277 2645 445 2722 διδάσκων,
470 2647 515 2719 ὥς
543 2645 608 2710 ε’τὶ
632 2653 743 2738 κακῷ
768 2651 825 2720 τῆς
849 2643 968 2720 πόλεως
990 2645 1079 2723 ὑμῶν
1102 2644 1261 2728 defossas.

276 2795 397 2862 Reiske
421 2802 492 2883 post
511 2796 549 2868 ὡς
568 2795 702 2861 inseruit
720 2794 923 2880 negationem
935 2793 968 2860 ori
982 2815 1078 2880 quam
1090 2793 1261 2861 admodum

278 2944 375 3010 miror
397 2944 627 3030 Kiesslingium
649 2965 714 3009 non
737 2945 903 3030 recepisse.
927 2942 981 3032 Ex
1007 2949 1160 3009 contextu
1176 2946 1261 3010 onim

280 3093 352 3157 luce
374 3092 489 3157 clarius
512 3098 646 3180 apparet
666 3093 870 3179 negationem
882 3093 934 3158 hic
944 3094 1122 3160 necessario
1132 3095 1261 3180 requiri.

281 3241 427 3328 Pyrrhus
461 3248 568 3308 monet
604 3241 789 3308 Fabricium
821 3248 857 3308 ut
891 3264 1015 3308 summa
1049 3265 1109 3331 ope
1139 3245 1264 3309 senatui

280 3414 391 3480 pacem
416 3391 565 3475 suadeat,
588 3411 662 3457 eum
686 3391 800 3457 docens
823 3412 857 3456 ec
879 3391 913 3455 in
937 3390 1066 3456 Italiam
1088 3392 1263 3458 venisseut

280 3541 464 3607 Tarentinis
487 3561 579 3626 opem
601 3540 718 3624 ferret,
742 3540 947 3630 graviterque
958 3539 1098 3606 affirmat
1109 3562 1143 3606 ec
1155 3543 1264 3607 statim

281 3697 353 3780 post
388 3690 561 3762 amicitiam
596 3711 669 3754 cum
701 3689 857 3754 Romanis
881 3690 1081 3756 conciliatam
1103 3711 1145 3756 ex
1167 3690 1264 3758 Italia

282 3839 504 3904 discessurum.
540 3837 626 3913 Quid
655 3858 730 3904 vero
760 3837 823 3902 hue
846 3838 961 3903 attinet
984 3859 1017 3904 se
1039 3838 1080 3904 ad
1103 3839 1263 3906 Romano·

285 4008 357 4053 rum
382 3988 555 4074 perniciem
574 3986 722 4084 vonisse?
745 3985 853 4051 Facile
872 3986 1024 4072 intelligis
1043 3987 1103 4054 hoc
1114 3989 1189 4054 ferri
1201 4012 1265 4057 non

283 4157 398 4222 posso;
421 4137 528 4201 omnia
551 4136 636 4200 enim
660 4155 742 4222 quac
763 4133 953 4202 adhibuerat
975 4157 1034 4201 rex
1057 4143 1093 4201 ut
1115 4137 1264 4206 Fabricio

283 4283 489 4374 persuaderet
530 4304 564 4348 se
600 4282 684 4348 bona
718 4281 780 4347 fido
816 4305 927 4371 pacem
958 4291 1068 4373 petere
1100 4287 1160 4354 hoc
1195 4290 1265 4377 ipso
