3276 5188
816 607 857 669 28

347 829 463 894 milites
493 849 565 894 euos
595 829 739 896 dimittit.
764 831 860 898 Plebs
885 854 960 899 vero
984 834 1068 898 irate
1090 831 1175 918 quod
1198 835 1330 896 eenetue

346 999 408 1044 non
452 985 629 1064 praestaret
668 1000 706 1044 ee
751 1002 832 1066 quoe
874 981 1008 1046 dictator
1050 981 1210 1068 pollicitus
1243 983 1327 1044 esset

347 1129 477 1194 oonsilio
517 1129 640 1214 agitare
678 1131 782 1215 eoepit
824 1130 863 1194 de
905 1129 1081 1196 detentione
1132 1152 1152 1195 e
1189 1129 1331 1215 petrioiie

349 1276 510 1360 seniendo;
533 1276 549 1350 ἦ
573 1275 604 1340 δὲ
626 1275 725 1354 βουλὴ
749 1279 875 1340 κωλιΐειν
898 1275 1089 1355 διαννινμένη
1111 1281 1176 1350 τρῖ,Ι
1200 1273 1330 1348 ὑπάτοις

351 1422 485 1501 ἐπέταξε
506 1426 601 1502 μάσω
623 1429 707 1490 κάειν
729 1423 772 1490 τά
793 1424 1040 1505 στρατεύματα,
1061 1429 1120 1490 τῶν
1139 1423 1201 1504 γάρ
1215 1425 1329 1504 ἱερῶν

352 1571 528 1650 ταγμάτων
550 1572 594 1639 ἔτι
618 1577 715 1654 κιῐριιρ
738 1569 770 1648 ἦν
790 1579 853 1648 τοῖς
865 1581 1094 1654 στρατιωτικοῖς
1107 1569 1200 1652 ὅρκοις
1213 1595 1331 1653 κατειρ-

352 1720 488 1800 γομένων
522 1726 575 1787 καὶ
608 1723 704 1797 οὐδεὶς
737 1721 970 1788 άτιλείτετᾶαι
1002 1727 1061 1786 τῶν
1084 1721 1217 1800 σημείων
1241 1719 1333 1798 ἥξων

352 1873 493 1935 τστιῦτσν
527 1869 655 1952 ἴσχυσεν
682 1872 695 1936 o‘
719 1877 777 1935 τῶν
800 1866 890 1952 ὅρκων
913 1873 943 1936 ἐν
967 1869 1092 1955 ἑκάστῳ
1114 1870 1226 1953 Φόβοι.
1253 1869 1333 1936 Jure

355 2022 404 2087 vir
444 2021 526 2086 doot.
562 2020 681 2086 Gerrer
715 2022 884 2087 molestum
920 2021 1005 2101 ἱερῶν
1040 2021 1125 2108 qnod
1159 2021 1252 2085 nihili
1287 2025 1336 2084 eet

352 2167 559 2254 rejiciendum
592 2176 695 2256 putet.
730 2170 804 2235 Non
837 2176 945 2236 temen
979 2191 1053 2235 eum
1090 2171 1180 2255 sequi
1206 2189 1335 2256 pomum

355 2319 459 2384 looum
489 2317 674 2384 mendosum
707 2320 753 2384 ito
786 2319 955 2385 emendare
977 2324 1162 2385 conantem:
1186 2320 1248 2380 τῶν
1272 2316 1335 2395 γάρ

355 2465 429 2530 δέκα
451 2465 628 2544 ταγμάτων
652 2464 696 2530 ἔτι
719 2469 808 2547 κιῐριιι
832 2461 920 2540 ἦσαν.
942 2467 1213 2552 Kieselingienem
1225 2470 1336 2531 eontra

357 2617 608 2683 emendationem
640 2639 703 2682 non
738 2639 865 2704 possum
901 2639 963 2681 non
998 2617 1149 2703 probare:
1182 2619 1244 2678 τῶν
1272 2612 1336 2692 γάρ

356 2771 442 2847 τριῶν
475 2765 651 2844 ταγμάτων
686 2766 826 2847 ἑκάτερος
860 2765 905 2830 ἔτι
940 2764 1038 2846 κύριος
1071 2759 1115 2839 ἦν.
1154 2766 1220 2831 Pro
1252 2763 1334 2843 ἱερῶν

357 2918 477 3004 posuit·
492 2920 599 2996 τριῶν,
622 2938 681 2982 neo
705 2939 781 2982 eene
803 2918 882 2982 heeo
904 2916 1003 2982 verbe
1026 2917 1165 2983 multum
1188 2913 1338 2979 differunt

358 3066 475 3150 literie3
498 3065 611 3130 deinde
634 3071 871 3138 EKATEPOG,
897 3064 981 3152 qnod
1002 3062 1205 3128 inserendum
1228 3066 1338 3149 putot,

358 3221 486 3300 propter
509 3236 643 3300 sequens
665 3220 893 3281 ETIKTPIOC
912 3214 1047 3280 aeoribe
1058 3211 1233 3298 negligenti
1246 3209 1339 3274 fenile

357 3365 460 3429 omitti
483 3365 596 3449 potuit.
622 3364 828 3451 Oeneoriptee
850 3385 965 3450 nempe
988 3368 1097 3446 oront,
1112 3367 1149 3426 ut
1162 3358 1338 3445 Dionysius

358 3513 426 3597 ipse
458 3532 516 3576 nos
549 3512 657 3597 dooet,
692 3515 775 3599 (cop.
807 3516 863 3597 42)
887 3512 995 3576 deoem
1017 3513 1176 3597 legiones,
1202 3529 1338 3596 querum

360 3667 493 3748 uterque
516 3663 681 3726 consulum
703 3669 810 3727 ternae
833 3669 1014 3747 eooeperet‚
1040 3667 1177 3747 quotuor
1199 3660 1338 3744 reliquae

360 3811 428 3896 ipse
460 3810 595 3875 diototor
628 3810 772 3874 duoebet.
808 3811 873 3875 Sex
902 3811 1043 3895 legiones
1065 3810 1164 3896 igitur
1186 3809 1221 3872 in
1243 3807 1341 3872 verbe

363 3960 528 4023 consulum
546 3959 752 4042 juraverant,
775 3964 911 4044 quotuor
934 3955 1044 4022 contre
1067 3959 1101 4022 in
1124 3955 1224 4021 verbo
1243 3954 1343 4019 diote-

364 4107 451 4173 torie.
487 4106 594 4181 Quum
623 4113 731 4173 eutem
761 4115 890 4172 senatus
913 4107 1096 4173 oonsulibus
1118 4105 1285 4172 manderet
1307 4109 1343 4168 ut

364 4255 504 4319 nondum
528 4255 686 4320 exereitus
698 4255 894 4320 dimitterent
907 4254 945 4318 de
958 4277 1014 4320 sex
1029 4263 1154 4321 tentum
1166 4255 1343 4341 legionibus
