3276 5188
819 667 860 730 66

343 914 401 980 pro
436 891 548 973 ἄνδρας
583 892 748 971 οὶγιιθούςι
784 915 849 980 qna
872 895 996 960 ratione
1019 893 1143 958 dicendi
1166 892 1328 958 Homerus

343 1045 470 1130 saepius
492 1046 614 1128 utitur,
638 1052 675 1111 nt
700 1043 792 1110 Iliad.
817 1043 882 1109 ΙΙΙ.
912 1047 983 1109 105.

380 1191 497 1270 ”Affers
521 1193 552 1257 δὲ
575 1199 769 1273 Πριάμοιο
792 1191 905 1270 βίην,
929 1191 998 1274 ὄφρ’
1020 1187 1105 1271 ὅρκιον
1128 1189 1234 1278 τάμνῃ
1260 1193 1325 1257 κτὲ.

342 1341 434 1407 Iliad.
470 1341 531 1407 IX.
566 1345 639 1408 351.
675 1341 783 1418 σθένος
816 1345 972 1424 Ἕκτορος.
1005 1342 1120 1428 odyss.
1146 1341 1225 1407 VII.
1252 1345 1324 1408 167.

342 1491 415 1570 ἱερὸν
438 1489 527 1567 μένος
552 1491 727 1558 Ἀλκινόοιο,

384 1640 456 1707 Lib.
480 1642 506 1708 I.
533 1665 559 1708 9.
584 1646 635 1708 33.
661 1641 767 1708 πολλὰ
792 1643 822 1706 δὲ
848 1647 903 1707 uui
925 1646 1015 1706 ἄλλοι
1037 1681 1077 1690 -
1097 1639 1222 1720 βρέτη
1247 1645 1326 1708 θεῶν

340 1789 553 1857 tasnatum.
579 1792 674 1872 βρέτη
697 1796 777 1860 θεῶν
802 1800 849 1858 est
875 1792 1094 1879 Tragieornm.

380 1942 452 2008 Lib.
483 1943 511 2008 Ι.
542 1965 568 2008 c.
593 1946 644 2008 38.
670 1941 828 2023 Ἠρακλέα
851 1940 881 2007 δὲ
907 1981 948 1989 -
972 1939 1196 2022 κοιτοὶρξατθοιι
1219 1939 1323 2020 θυμοὶ-

338 2113 397 2154 των
417 2089 535 2171 ἁγνῶν,
558 2091 611 2155 brt
632 2091 759 2172 κοιθοιοῷ
781 2096 852 2172 nupt
876 2091 978 2172 οὶγιζ
983 2115 996 2156 ο
1004 2089 1140 2168 μένων.
1166 2091 1325 2156 Ultimum

338 2241 472 2306 verbum
506 2243 661 2307 usitatum
694 2250 742 2308 est
779 2242 920 2308 Pindaro
940 2248 972 2308 et
994 2243 1138 2328 Tragiois
1162 2262 1226 2306 non
1249 2261 1325 2304 vero

338 2390 468 2456 Atticis.
494 2390 728 2478 Aristophanes
750 2393 848 2458 semel
870 2391 994 2478 lepide,
1019 2392 1106 2458 Plut.
1132 2396 1207 2458 681.

382 2537 493 2602 ἔτειτοι
518 2536 613 2604 τοῦθ’
638 2539 797 2628 (τότοινοι)
822 2536 924 2622 ἥγιζεν
948 2544 992 2615 εἷς
1015 2546 1134 2606 οάκτοον
1157 2547 1235 2606 τινά.

338 2689 425 2755 Usus
458 2696 565 2756 tamen
598 2690 731 2775 hujusce
755 2691 846 2756 verbi
871 2692 957 2778 apud
979 2693 1127 2778 antiquos
1150 2698 1182 2757 et
1203 2691 1323 2777 Diony·

338 2841 421 2905 sium
451 2861 515 2905 non
539 2860 668 2925 prorsus
689 2839 774 2905 idem
797 2840 945 2923 videtur3
969 2840 1093 2926 antiqui
1117 2839 1201 2904 enim
1224 2837 1322 2902 verbo

338 2988 458 3070 ἁγίζειν
481 2994 618 3054 utuntur
646 2988 684 3053 de
708 3009 765 3054 ara
786 2989 1008 3071 consecranda,
1027 2989 1066 3053 cf.
1081 2988 1175 3053 Pind.
1191 2987 1321 3073 Olymp.

340 3138 406 3204 ΙΙΙ.
442 3142 494 3204 34.
529 3141 624 3218 τοιτοὶ
654 3138 710 3215 μὲν
729 3136 843 3216 βωμῶν
866 3135 1060 3214 ἁγισθέντων
1082 3135 1146 3201 κτὲ.
1170 3143 1202 3202 et
1225 3135 1323 3221 Soph.

337 3289 415 3354 093.
441 3288 508 3354 001.
534 3291 628 3354 1495.
651 3284 804 3365 βούθυτον
829 3286 934 3351 ἑοτιόιν
959 3287 1095 3367 οὲγίζωνι
1120 3292 1228 3351 noster
1247 3305 1322 3348 vero

338 3437 376 3502 de
399 3437 504 3502 hostia
525 3435 728 3501 immolanda.
748 3435 832 3501 Vide
852 3438 949 3503 etiam
969 3437 1041 3503 Lib.
1054 3437 1081 3502 I.
1094 3459 1120 3502 9.
1134 3439 1185 3502 57.
1197 3433 1322 3506 Aineion,⁸

333 3591 389 3660 τῆς
414 3585 463 3660 ὑὸς
486 3586 537 3651 τὸν
560 3584 647 3650 τόκον
674 3584 776 3666 οὶγῖζει
801 3585 895 3662 θεοῖς.

383 3736 454 3801 Lib.
487 3735 514 3800 I.
538 3759 565 3801 9.
591 3738 643 3800 40.
669 3729 702 3806 ἧς
727 3733 857 3824 (χώρας)
886 3735 996 3813 μέγιι
1027 3736 1178 3801 ἐποιοῦντο
1200 3739 1320 3814 ἄρχειν,

307 3937 310 3942 .
338 3887 359 3950 i.
383 3906 410 3950 9.
445 3887 554 3971 magni
583 3886 764 3970 faciebant3
794 3887 903 3952 eodem
926 3885 1019 3951 modo
1043 3883 1225 3950 Herodotus
1249 3881 1321 3946 Lib.

339 4033 437 4100 VIII.
471 4055 498 4097 c.
534 4037 563 4101 3.
588 4032 677 4110 μέγα
701 4033 897 4112 τετοινμένοι
921 4041 1067 4114 τεριεῖνοιι
1090 4037 1146 4114 τὴν
1169 4027 1321 4096 Ἑλλάδα.

337 4181 497 4246 Usitatius
521 4182 554 4245 in
577 4182 635 4246 tali
657 4203 692 4247 re
714 4181 780 4262 περὶ
805 4189 921 4249 τολλοῡ
946 4180 1113 4248 τοιεῖοθοιι.

382 4330 453 4395 Lib.
477 4330 504 4396 Ι.
529 4353 556 4396 9.
584 4335 635 4398 55.
660 4330 830 4409 λιβάδες
853 4332 1025 4411 αὐτόματοι
1046 4328 1185 4409 νάματος
1197 4327 1319 4405 ἡδίστου
