3276 5188
759 684 777 746 t

275 911 397 976 tinebat
437 933 534 997 quam
567 911 742 996 praebebat
779 932 979 977 communem
1014 916 1047 976 et
1080 909 1256 974 maximam

272 1062 550 1148 aequabilitatem
594 1062 706 1148 quodsi
741 1062 822 1128 bene
855 1062 1011 1149 perspicio
1045 1062 1141 1126 lioeat
1179 1057 1259 1124 mihi

275 1232 332 1296 pro
355 1209 540 1291 περιέχουσαι
564 1232 717 1298 reponere
740 1209 935 1291 τοορέχονσοο.

318 1357 487 1424 Emblema
519 1361 695 1426 tollendum
727 1361 807 1425 mihi
842 1359 969 1424 videtur
1007 1358 1069 1424 Lib
1093 1357 1129 1420 II
1153 1377 1180 1422 o.
1207 1358 1258 1420 18.

276 1506 331 1570 ubi
355 1507 510 1594 seriptum
535 1514 599 1573 est:
623 1505 689 1587 ἱεροὶ
713 1505 770 1585 μὲν
793 1500 842 1573 οὖν
864 1509 918 1570 eei
939 1504 1052 1584 τεμένη
1065 1503 1118 1568 uei
1131 1499 1258 1581 βωμοὺς

278 1653 330 1719 eei
363 1654 473 1732 ξοάνων
507 1653 634 1757 ξδρόσενς
667 1658 804 1740 (μορφάς
837 1679 872 1719 τε
904 1655 1005 1720 eiecit
1028 1659 1081 1718 eet
1107 1651 1258 1730 σόμβολοο

274 1808 329 1868 eet
362 1803 506 1882 δονόμεν;
541 1809 595 1869 eei
630 1802 759 1884 δωρεὰς,
799 1797 849 1880 οἷς
884 1804 918 1869 τὸ
950 1802 1038 1882 γένος
1064 1805 1148 1882 ἡμῶν
1171 1803 1257 1884 εὐηρ-

277 1953 446 2042 pertesi),
481 1953 587 2036 ἓορτόρ
622 1979 657 2018 τε
690 1993 731 2003 -
757 1958 812 2018 aet
834 1952 951 2046 θνσόοις,
972 1992 1014 2000 -
1038 1950 1258 2026 κατεστήσατο

278 2127 343 2192 eqs.
379 2105 468 2180 Quae
502 2105 593 2170 unois
626 2104 741 2169 inclusi
772 2103 945 2189 rejicienda
981 2103 1061 2168 mihi
1096 2102 1258 2168 videntur.

279 2254 387 2330 Quid?
420 2253 536 2344 Nonne
568 2252 833 2318 absurdissimum
867 2257 916 2317 est
948 2250 1053 2316 dicere
1086 2249 1262 2316 Romulum

276 2405 454 2470 instituisse
487 2403 618 2468 deorum
650 2402 769 2468 formas
799 2408 831 2467 et
863 2400 1002 2486 insignio
1031 2406 1063 2465 et
1086 2404 1260 2486 potestates

278 2561 310 2620 et
333 2553 416 2620 dona
438 2575 521 2640 quoe
542 2555 576 2618 in
595 2552 771 2618 humanum
783 2572 884 2637 genus
896 2547 1263 2617 contuleruntPDeinde

279 2725 343 2791 quo
375 2704 514 2790 pertinet
546 2702 626 2767 illud
648 2700 773 2767 οούτῶνθ
796 2700 885 2766 Num
907 2700 949 2767 ed
971 2699 1038 2780 ἱεροὶ
1063 2698 1147 2765 eet?
1170 2699 1263 2766 Haeo

277 2853 385 2918 omnio
408 2853 472 2918 huo
494 2873 560 2918 non
583 2852 744 2938 pertinent
767 2856 865 2917 etex
885 2850 949 2916 alio
974 2849 1043 2915 looo
1063 2849 1258 2933 suntillata3
1374 2925 1377 2934 y

279 3023 389 3066 sensus
401 3022 476 3067 vero
491 3000 609 3086 optime
620 2997 762 3086 procedit
773 2999 907 3064 molesto
918 2998 1110 3064 emblemate
1122 2997 1259 3064 sublato.

325 3150 397 3216 Lib.
422 3150 478 3213 ·ΙΙ.
510 3169 536 3214 o.
561 3152 612 3214 55.
633 3149 704 3213 init.
727 3147 752 3212 ei
774 3149 934 3228 λοχῶντες
958 3185 1001 3196 -
1027 3141 1252 3227 προσπεσόντες

277 3297 446 3380 ἀνθρώποις
479 3297 717 3379 μεμοχθηκόσιν
751 3297 840 3362 αὐτοὶ
875 3299 1018 3375 ἀκμῆτες
1041 3295 1127 3372 ὄντες
1152 3297 1185 3364 οὐ
1209 3296 1264 3362 σὺν

279 3449 383 3531 πολλῷ
404 3448 546 3530 τρέπουσι
567 3447 704 3529 χρόνῳ.
726 3447 861 3535 Saepius
874 3446 1004 3534 quidem
1019 3445 1105 3533 apud
1116 3450 1263 3512 nostrum

279 3603 399 3667 ooeurit
419 3599 474 3664 σὺν
496 3593 615 3682 χρόνῳ,
637 3617 797 3684 nusquam
820 3602 929 3662 tamen
951 3594 1037 3682 quod
1058 3594 1157 3660 seium
1170 3592 1259 3659 adbit

282 3752 475 3838 udjeetivum
508 3745 623 3833 uetiu'33
656 3747 862 3812 vehementer
894 3745 994 3830 igitur
1028 3743 1141 3809 dubito
1163 3764 1205 3808 en
1229 3743 1264 3809 in

281 3901 379 3984 χρόνῳ
401 3902 516 3967 vitium
538 3902 655 3983 lateat3
678 3917 736 3962 neo
753 3895 808 3961 diu
830 3893 1036 3980 cogitandum
1058 3892 1098 3959 de
1109 3891 1267 3960 vobabulo

284 4049 523 4133 substituendo,
557 4069 656 4135 quum
685 4068 786 4134 parve
807 4044 985 4111 mutatione
1006 4043 1123 4110 loeutio
1145 4042 1267 4108 oriatur

286 4204 405 4270 usitato
426 4222 523 4288 quem
545 4199 605 4264 looi
627 4196 788 4264 sententie
806 4192 1116 4280 videturrequirere.
1128 4190 1269 4258 Romani

287 4375 401 4439 nempe
434 4373 533 4437 quum
569 4350 633 4413 sint
665 4346 783 4430 integri
817 4344 924 4408 hostes
956 4342 1025 4426 jam
1047 4341 1185 4406 defessos
1203 4359 1270 4404 itote
