3276 5188
654 640 918 724 ‘eo·

294 890 459 954 consulum
493 909 596 954 sermo
630 893 734 974 potest
767 909 853 970 esse,
886 909 950 952 non
978 909 1054 953 vero
1077 887 1115 952 de
1139 895 1275 974 quatuor

296 1037 460 1102 dictatoris
495 1038 610 1125 quibus
643 1037 725 1102 nihil
761 1038 807 1102 rei
841 1058 914 1102 eum
948 1037 1130 1102 oonsulibus
1161 1037 1274 1104 luerat.

292 1185 459 1251 Habemus
481 1191 648 1272 praetereo
670 1186 868 1249 luculentum
892 1185 1109 1250 testimonium
1122 1186 1184 1250 hoo
1195 1193 1276 1251 tem·

294 1356 369 1421 pore
391 1355 445 1398 sex
467 1355 531 1399 non
554 1334 659 1398 decem
682 1333 822 1419 legiones
846 1333 880 1398 in
903 1333 1126 1416 ormisluisse,
1140 1333 1275 1399 diotetor

295 1485 380 1549 enim
403 1505 477 1549 suas
497 1484 638 1569 legiones
656 1483 727 1568 jam
749 1482 912 1548 dimiserat
935 1483 1035 1548 invito
1058 1491 1180 1548 senatu.
1193 1483 1278 1548 Vide

295 1629 380 1717 quod
412 1630 585 1718 Dionysius
620 1631 689 1717 ipse
725 1630 765 1695 de
799 1630 860 1695 hee
893 1651 927 1694 re
961 1635 1096 1696 testetur
1120 1651 1189 1717 esp.
1214 1633 1275 1697 43:

294 1781 443 1845 Valerius
477 1779 561 1844 κοντοὶ
594 1783 658 1844 νοῦν
692 1779 889 1859 χωρήσαντος
922 1777 1008 1858 αὐτῷ
1039 1783 1092 1843 τοῦ
1118 1777 1275 1861 πολέμου,

294 1929 346 1994 τὸν
387 1928 523 1994 εἰωθότα
568 1925 725 2008 θρίαμβον
767 1927 830 1992 aisti
868 1933 924 2002 τῆς
958 1925 1040 2000 νίκης
1077 1927 1277 2008 κυταγοογὼν

295 2076 434 2142 ἀπέλυσε
477 2079 528 2144 τὸν
569 2077 662 2156 δῆμον
698 2077 760 2142 ἀπὸ
794 2083 851 2151 τῆς
886 2075 1071 2156 espossiae,
1107 2037 1189 2141 οὔποο
1222 2083 1278 2152 τῆς

295 2228 412 2306 βουλῆς
435 2227 535 2309 καιρὸν
559 2222 635 2293 εἷνοον
659 2226 844 2307 νομιζούσης.
869 2225 995 2292 Satisne
1014 2227 1219 2293 manifestum
1231 2232 1279 2292 est

294 2377 446 2444 mandate
479 2383 607 2443 senatus
637 2376 678 2442 ad
701 2376 824 2442 Valerii
848 2376 1010 2440 exereitus
1033 2377 1192 2461 pertinere
1215 2397 1279 2442 non

297 2527 462 2613 potuisse?
497 2525 582 2591 Vide
616 2526 713 2590 etiem
743 2525 831 2610 quod
850 2523 1001 2589 Valerius
1024 2524 1100 2590 dicit
1123 2546 1192 2612 nep.
1219 2528 1277 2590 44:

297 2673 368 2759 Ego
403 2695 474 2739 sum
508 2694 565 2738 vos
599 2673 718 2738 milites
754 2670 986 2750 ἐναντιουμένων
1020 2675 1082 2736 τῶν
1104 2671 1278 2750 βουλευτῶν

242 2807 244 2812 “
297 2821 436 2903 ἀφεικὼς
472 2820 535 2886 δέον
564 2822 624 2888 ὑπὸ
646 2828 718 2897 τοῖς
740 2821 928 2901 dynastian
954 2783 1164 2898 uei-ettonem
1188 2824 1218 2887 ἕν
1240 2832 1279 2905 τῇ
1323 2866 1324 2870 =

296 2969 436 3052 πολεμίου
463 2973 608 3052 κοοτὲχενν
631 2972 727 3050 ὑμᾶς.
750 2971 835 3046 Quid
856 2971 917 3038 hoo
936 2971 1073 3053 ἀφεικὼς
1084 2972 1174 3036 eliud
1184 2973 1280 3058 signi·

299 3120 373 3184 ficet
397 3119 458 3184 nisi
482 3121 554 3185 illas
578 3076 715 3205 quotuor
738 3119 901 3185 dictatoris
923 3120 1064 3205 legiones
1082 3110 1279 3185 sacramento
1374 3214 1376 3218 Α

303 3272 422 3336 solutes
444 3271 537 3334 esse?
560 3269 651 3334 Nihil
674 3269 797 3353 obstet,
810 3274 846 3332 ut
858 3289 930 3333 mea
941 3268 1070 3355 quidem
1081 3269 1142 3334 lert
1153 3269 1279 3356 opinio,

297 3417 382 3505 quod
417 3417 528 3482 Livius
563 3417 640 3481 dioit
674 3416 746 3481 Lib.
782 3416 829 3481 II.
864 3419 922 3481 32:
947 3415 1056 3482 Timor
1079 3417 1153 3482 inde
1173 3424 1281 3503 patres

300 3567 429 3631 incessit
452 3586 493 3630 ne
515 3565 542 3628 si
565 3563 713 3629 dimissus
731 3565 891 3630 exereitus
915 3566 1017 3649 foret,
1040 3586 1150 3630 rursus
1173 3573 1280 3631 coetus

300 3715 415 3780 oooulti
449 3714 745 3800 conjurationesque
778 3713 900 3779 fierent.
924 3715 1056 3801 Itaque,
1085 3736 1281 3800 quemquem

302 3884 358 3950 per
381 3864 568 3929 dictatorem
585 3862 727 3928 delectus
739 3861 868 3928 habitus
881 3869 963 3929 esset
973 3912 981 3946 ,
993 3868 1118 3946 temen,
1131 3863 1281 3949 quoniam

301 4015 335 4078 in
360 4014 525 4078 consulum
549 4012 648 4078 verba
668 4014 849 4098 jurassent,
872 4018 1071 4077 sacramento
1089 4011 1191 4077 teneri
1200 4011 1283 4076 mili·

299 4169 365 4228 tem
388 4162 467 4245 reti,
490 4165 550 4227 oet.
575 4159 667 4225 Nihil
689 4161 775 4227 enim
796 4166 845 4226 est
868 4161 953 4247 quod
974 4161 1034 4228 hoe
1056 4160 1095 4226 de
1116 4181 1175 4224 sex
1185 4161 1291 4246 legio·

302 4314 396 4378 nibus
441 4313 605 4378 consulum
647 4332 712 4376 non
748 4312 1005 4398 interpretemur.
1040 4310 1193 4386 Quamvis
1225 4329 1283 4374 sex
