3276 5188
795 619 835 683 ⁷0

321 841 382 918 ἐγὼ
415 841 472 919 μὲν
500 841 552 908 οὐκ
575 839 638 922 ἔχει
664 846 726 915 πῶς
751 840 898 906 ἐπαινέσω
922 851 1026 907 ταῦτα
1050 845 1093 908 τοὶ
1116 845 1237 925 σκληροὶ
1260 886 1302 895 -

320 988 538 1070 δικαιώματα,
572 991 671 1070 ὁρῶσα
705 993 902 1073 καταφυγὰς
922 993 1090 1072 εὑρημένας
1112 990 1230 1059 ι’ίποισιν
1251 996 1303 1058 οίν-

321 1136 453 1218 θριίποις
483 1142 537 1204 καί
573 1139 796 1220 παραιτήσεις,
833 1137 872 1204 ὦν
904 1139 943 1206 ίιν
974 1141 1209 1222 ἐξαμαρτάνωσι
1235 1149 1302 1222 περί

322 1287 501 1364 ἀλλήλους,
537 1288 712 1368 ἱκετηρίας,
749 1293 803 1354 καί
838 1289 931 1365 λιτὰς
965 1330 1006 1338 -
1038 1296 1091 1355 καί
1117 1296 1227 1357 πολλοί
1251 1291 1304 1366 ἤδη

324 1444 456 1517 μεγάλα
490 1440 533 1514 είς
569 1439 681 1515 αὐτοὺς
714 1439 941 1519 ἐξαμαρτόντες
966 1440 1078 1521 εὐχαῖς
1103 1443 1156 1505 καί
1181 1441 1306 1514 θυσίαις

320 1587 372 1652 τὸν
405 1591 499 1668 χόλον
533 1587 727 1665 ἐξιλάσαντο.
762 1589 845 1654 (ium
876 1588 991 1676 quibus
1026 1590 1189 1653 conferens
1214 1589 1306 1654 Iliad.

324 1737 386 1802 IX.
410 1741 484 1804 499.
507 1760 576 1825 sqq.
598 1738 720 1804 vidsbis
741 1739 875 1804 eundem
900 1738 965 1802 fors
989 1740 1179 1802 sententiam
1201 1738 1303 1803 Phos-

327 1887 431 1952 nioem
454 1886 635 1952 adhibuisse
658 1907 722 1972 qua
743 1887 885 1951 animum
908 1885 1045 1950 Achillis
1069 1888 1220 1972 placaret.

371 2039 431 2100 Καί
454 2036 511 2113 μὲν
536 2033 607 2110 τοὺς
629 2033 754 2101 θυέεσσι
778 2037 831 2098 καί
854 2035 996 2114 εὐχωλῇς
1018 2035 1171 2115 οὶνανῇσιν

371 2183 462 2266 λοιβῇ
486 2206 521 2248 τε
544 2182 629 2264 κνίσρ
651 2207 686 2247 τε
709 2187 933 2262 παρατρωπῶσ’
956 2183 1110 2264 ἄνθρωποι

370 2332 566 2417 λισσόμενοι,
593 2328 644 2397 ὅτε
667 2331 717 2396 κίν
739 2355 786 2403 τις
809 2332 950 2417 ὑπερβήῃ
977 2337 1030 2396 καί
1054 2332 1195 2418 οὶμοίρσρρ.

371 2485 424 2545 καί
447 2485 507 2562 γάρ
533 2505 568 2545 τε
595 2480 694 2545 Αιταί
715 2481 772 2545 είσι
798 2481 870 2555 Διὸς
895 2487 994 2560 κοῦραι
1019 2487 1189 2566 μεγάλοιο,
1212 2482 1277 2559 κτὲ,

372 2632 444 2696 Lib.
480 2630 578 2696 VIII.
614 2652 640 2695 o.
681 2633 732 2695 61.
756 2629 926 2716 Ingenium
950 2630 1051 2694 Marci
1078 2631 1237 2695 Coriolani
1259 2631 1312 2696 de·

329 2781 470 2846 scribens
493 2784 603 2845 auctor
628 2778 706 2844 huso
729 2778 825 2843 dicit:
844 2777 910 2843 οὐδὲ
931 2776 1068 2853 ἡποίντοι
1080 2781 1121 2842 τὰ
1133 2779 1312 2858 ἀνθρώπινα

328 2930 539 3007 ἐπικοσμοῦσα
572 2929 664 3009 χοίρις
700 2930 780 3012 (ἐνῆν
814 2927 908 2992 αὐτοῦ
943 2935 1007 3002 τοῖς
1040 2930 1176 3016 τρόποις)
1216 2929 1311 2992 ἄλλ’

328 3079 394 3142 οίεί
422 3077 561 3157 πικρὸς
584 3081 650 3140 καί
673 3078 861 3157 χαλεπὸς
885 3070 934 3149 ἦν.
959 3076 1038 3152 Quis
1060 3098 1124 3141 non
1150 3077 1237 3142 videt
1261 3079 1312 3143 hio

329 3229 430 3293 nostri
463 3232 538 3291 ants
571 3226 677 3291 oculos
708 3226 805 3291 fuisse
827 3247 909 3311 quos
931 3225 1111 3311 Xenophon
1134 3224 1241 3290 Ansb.
1265 3225 1311 3290 II.

332 3379 361 3440 6.
388 3379 437 3441 12.
462 3374 501 3440 ds
524 3373 685 3440 Kloaroho
710 3374 839 3440 scribit:
862 3375 897 3439 τὸ
921 3373 983 3454 νίιρ
1009 3375 1136 3454 ἐπίχαρι
1149 3374 1202 3438 οὐκ
1214 3369 1311 3454 εἶχεν,

330 3526 406 3589 ἀλλ’
434 3523 483 3587 ἀεὶ
506 3523 651 3603 χαλεπὸς
676 3516 710 3595 ἦν
734 3521 785 3586 καί
812 3525 926 3600 circio?

376 3675 448 3740 Lib.
475 3675 517 3739 X.
541 3696 567 3739 o.
594 3677 623 3738 7.
649 3667 845 3746 διεληλυθίσι
868 3672 894 3736 δ’
917 3680 991 3755 ἡμῖν
1010 3673 1069 3761 σίου
1092 3675 1208 3754 αγορὰν
1233 3696 1314 3752 περι-

331 3827 483 3902 τυγχάνει
496 3822 618 3886 Καίσων
631 3861 672 3869 -
686 3820 740 3884 σὺν
752 3819 860 3901 ἑτέροις
883 3820 1013 3900 οἰγερώ
1022 3844 1048 3901 χ
1058 3845 1070 3885 ο
1081 3844 1113 3895 ις
1136 3820 1313 3900 μειρακίοις.

333 3972 397 4038 Hio
430 3977 537 4037 noster
560 3969 720 4052 οὶγὲρωχος
747 3973 780 4036 in
802 3972 921 4036 malam
943 3977 1067 4056 portem
1090 3971 1227 4057 uooipit,
1251 3991 1316 4035 uon

334 4121 381 4185 ita
402 4119 564 4185 Homerus
585 4121 700 4207 Odyss.
724 4120 785 4185 XI.
810 4123 895 4203 285,
919 4122 995 4184 286.

379 4267 395 4340 ἡ
420 4266 450 4331 δὲ
474 4270 577 4332 Πιίλου
598 4266 771 4351 βασίλευε,
795 4266 882 4331 τέκεν
906 4267 936 4332 δέ
961 4268 986 4332 oi
1011 4266 1124 4343 οὶγλαοὶ
1148 4265 1253 4344 τέκνα,
